4780 6044
1141 415 1202 480 Vll

318 632 396 719 μένα
434 651 546 714 usque
583 629 629 696 ad
663 627 804 710 ἐπιδείξω
832 628 1049 694 arbitramur.
1118 629 1169 694 At
1200 628 1524 708 demonstrativum,
1554 627 1701 711 inquies,
1741 646 1930 710 pronomen
1962 645 2029 709 pro

319 755 466 822 relativa
490 776 581 840 quae
609 769 726 820 exstat
755 753 977 839 copulatione
1006 756 1075 822 ὄντε
1104 754 1288 838 requiritur
1320 769 1354 820 et
1383 775 1446 820 nos
1478 773 1621 838 quoque
1651 751 1780 836 requiri
1811 750 2028 830 credidimus,

317 882 429 948 donec
452 879 605 946 divinum
636 879 786 944 Lucretii
818 879 1036 963 prooemium
1069 879 1102 944 in
1140 882 1340 946 memoriam
1387 900 1630 948 revocaremus
1667 879 1716 943 ob
1739 877 1883 942 eandem
1915 876 2029 942 incon·

319 1006 511 1072 cinnitatem
535 1003 650 1070 multis
673 1005 870 1071 criticorum
894 1006 1128 1071 conaminibus
1151 1023 1328 1072 vexatum.
1374 1009 1519 1073 Rectam
1543 1006 1635 1072 viam
1657 1005 1690 1070 in
1706 1002 1868 1070 Lucretio
1892 1001 2031 1068 incessit

316 1129 436 1196 Adolfi
452 1130 652 1218 Kiesslingii
668 1131 908 1216 praeceptoris
932 1130 1091 1217 collegae
1114 1133 1212 1198 amici
1235 1134 1294 1218 pia
1317 1134 1482 1199 memoria
1505 1131 1640 1197 colendi
1663 1130 1846 1217 sagacitas.
1886 1129 1919 1194 ls
1939 1129 2027 1192 enim

319 1258 479 1325 versibus
516 1259 629 1323 6-20
650 1259 884 1347 παρενθετικῶς
907 1257 1045 1343 scriptis
1067 1257 1155 1322 hanc
1177 1259 1464 1326 constructionem
1488 1257 1604 1324 elicuit
1612 1253 1654 1343 ι);

638 1383 843 1450 Aeneadum
866 1383 1036 1471 genetrix,
1059 1383 1233 1451 hominum
1257 1383 1445 1469 divomque
1469 1383 1645 1468 voluptas,

638 1507 728 1574 alma
752 1511 881 1589 Venus,
905 1507 992 1574 caeli
1014 1510 1135 1574 subter
1158 1507 1309 1576 labentia
1331 1512 1429 1598 signa

638 1657 729 1721 quae
752 1655 847 1700 mare
871 1636 1084 1722 navigerum,
1110 1657 1200 1720 quae
1223 1651 1333 1702 terras
1356 1635 1587 1723 frugiferentis

639 1761 871 1841 concelebras,
896 1783 959 1847 per
982 1777 1018 1827 te
1041 1762 1203 1847 quoniam
1226 1783 1337 1848 genus
1360 1782 1461 1826 omne
1484 1761 1689 1826 animantum

589 1910 608 1974 5
633 1889 825 1973 concipitur
848 1887 998 1972 visitque
1021 1903 1182 1954 exortum
1205 1887 1331 1954 lumina
1354 1887 1438 1954 solis

639 2014 699 2100 (te,
723 2017 800 2095 dea,
821 2031 857 2080 te
880 2015 1015 2102 lugiunt
1038 2015 1141 2094 venti,
1165 2031 1201 2079 te
1223 2013 1340 2079 nubila
1363 2013 1449 2078 caeli
1495 2093 1502 2108 ·

638 2142 896 2224 adventumque
917 2157 1024 2218 tuum,
1048 2140 1111 2205 tibi
1133 2141 1250 2206 suavis
1273 2139 1421 2205 daedala
1445 2136 1547 2204 tellus

587 2269 607 2332 8
632 2267 810 2333 summittit
832 2267 948 2346 flores,
972 2265 1035 2332 tibi
1058 2266 1170 2332 rident
1192 2285 1347 2350 aequora
1369 2265 1544 2350 ponti...

570 2413 610 2476 19
632 2393 790 2458 omnibus
813 2391 979 2457 incutiens
1003 2389 1167 2456 blandum
1192 2413 1255 2476 per
1278 2407 1423 2476 pectora
1446 2411 1596 2456 amorem

565 2537 609 2582 20
632 2517 738 2584 efficis
760 2533 799 2583 ut
822 2517 949 2602 cupide
972 2518 1163 2605 generatim
1185 2516 1300 2583 saecla
1323 2515 1536 2604 propagent)

638 2665 729 2729 quae
752 2645 913 2729 quoniam
936 2667 1051 2709 rerum
1074 2660 1230 2710 naturam
1253 2643 1330 2710 sola
1352 2644 1537 2731 gubernas,

639 2791 702 2836 nec
724 2771 799 2836 sine
821 2785 857 2836 te
881 2770 1066 2855 quicquam
1088 2770 1164 2836 dias
1186 2769 1220 2834 in
1243 2769 1376 2835 luminis
1399 2789 1480 2834 oras

639 2897 795 2963 exoritur
818 2917 930 2980 neque
952 2897 990 2961 fit
1013 2895 1141 2963 laetum
1165 2919 1278 2982 neque
1300 2895 1449 2962 amabile
1472 2896 1671 2980 quicquam:

566 3041 608 3107 24
631 3038 667 3088 te
690 3023 819 3088 sociam
842 3022 968 3087 studeo
991 3024 1181 3088 scribendis
1204 3024 1363 3090 versibus
1387 3043 1474 3088 esse.

318 3147 437 3230 ltaque
461 3168 538 3213 cum
561 3163 644 3232 post
666 3148 736 3213 hoc
758 3147 939 3214 invocandi
963 3150 1146 3214 exordium
1169 3147 1383 3216 ‘Aeneadum
1406 3147 1576 3237 genetrix,
1600 3167 1665 3231 per
1687 3162 1723 3211 te
1742 3145 1904 3230 quoniam
1919 3165 2030 3232 genus

318 3293 419 3338 omne
441 3274 647 3340 animantum
670 3274 748 3342 visit
773 3289 934 3340 exortum
957 3274 1083 3342 lumina
1105 3273 1199 3341 solis’
1222 3276 1448 3362 grammatica
1475 3275 1564 3342 ratio
1596 3289 1633 3339 ut
1663 3271 1879 3338 continuetur
1905 3284 2031 3356 poscat

318 3395 395 3464 ‘TV
418 3399 579 3482 quoniam
603 3399 802 3486 gubernas':
827 3415 934 3484 poeta
957 3415 995 3466 ut
1018 3399 1219 3486 Aeschylus
1242 3401 1424 3468 relativum
1448 3421 1638 3484 pronomen
1669 3398 1804 3479 QVAE
1826 3397 2029 3464 subnectere

317 3522 446 3590 maluit.

478 3650 614 3731 Quibus
636 3652 668 3718 in
692 3667 890 3718 transcursu
914 3653 1088 3737 expeditis
1112 3653 1158 3718 ad
1182 3675 1253 3718 rent
1270 3654 1488 3738 propositam
1504 3652 1717 3719 revertimur.
1750 3647 1909 3718 Filiolum
1924 3649 2030 3736 igitur

317 3774 427 3864 Argis
450 3793 655 3861 conceptum
679 3779 811 3866 cumJo
828 3777 860 3842 in
876 3777 1051 3864 Aegypto
1076 3779 1249 3859 edidisset,
1274 3779 1328 3844 hic
1352 3799 1372 3844 a
1395 3777 1536 3864 spiritus
1559 3777 1663 3844 divini
1687 3775 1799 3842 salute
1821 3775 1900 3863 Joni
1924 3773 2029 3839 allata

323 3892 556 3988 ’Ζηνὸςῖφαψις
579 3901 612 3983 ἐξ
635 3900 802 3983 immola&
826 3904 938 3969 dictus
962 3918 1014 3970 est
1038 3905 1214 3971 abstracta
1237 3925 1325 3971 voce
1349 3922 1531 3972 concretae
1554 3901 1780 3970 audacissime
1802 3901 1995 3987 supposita.
2003 3895 2030 3986 2)

321 4025 418 4091 Haec
441 4047 553 4112 paene
575 4029 693 4094 iocosa
715 4029 804 4095 ratio
829 4027 1033 4116 etymologa
1057 4029 1268 4115 aliquantum
1292 4053 1334 4096 eo
1362 4029 1576 4097 nihilominus
1606 4044 1803 4107 excusatur,
1835 4027 1932 4111 quod
1956 4027 2030 4092 eius

317 4173 383 4217 non
416 4169 593 4220 auctorem
625 4155 688 4220 sed
717 4171 925 4222 sectatorem
958 4177 1034 4222 esse
1057 4156 1274 4242 Aeschylum
1298 4133 1524 4223 demonstrari
1548 4172 1676 4242 potest.
1724 4155 1803 4236 Qua
1823 4155 1868 4219 de
1891 4175 1930 4220 re
1958 4153 2029 4218 duo

318 4278 511 4344 testimonia
537 4279 580 4366 (si
608 4295 685 4346 sunt
709 4279 796 4366 duo)
818 4282 997 4348 sufficiant.
1043 4282 1080 4346 A
1102 4303 1223 4350 manus
1245 4283 1382 4350 divinae
1405 4279 1586 4350 ‘contactu’
1608 4282 1794 4368 Epaphum
1823 4295 1858 4347 et
1881 4277 2030 4363 Apollo·

320 4403 426 4468 dorus
448 4403 491 4489 (Π
519 4426 530 4468 1
559 4408 717 4493 φωραθεὶς
741 4408 776 4473 δὲ
799 4403 852 4494 ὑφ’
874 4403 973 4494 Ἥρας
994 4415 1050 4492 τῆς
1080 4411 1135 4495 μὲν
1157 4411 1253 4496 κόρης
1276 4409 1434 4498 ἁψάμενος
1466 4412 1508 4489 εἰς
1543 4410 1616 4497 βοῦν
1649 4411 1888 4496 μετεμόρφωσεν
1924 4421 2030 4488 atque

321 4527 445 4592 eodem
469 4529 576 4594 modo
599 4531 736 4597 inferius
760 4533 804 4598 de
826 4533 928 4622 Jone:
974 4533 1050 4620 ἡκεν
1066 4536 1109 4613 εἰς
1125 4533 1293 4622 Αἴγυπτον,
1309 4537 1388 4603 ὅπου
1403 4541 1459 4622 τὴν
1475 4535 1607 4623 ἀρχαίαν
1623 4539 1744 4622 μορφὴν
1767 4531 1972 4620 ἀπολαβοῦσα
1985 4565 2030 4578 —·

318 4653 415 4742 Jovis
447 4653 576 4721 scilicet
605 4657 768 4743 contagio
791 4695 836 4706 —
862 4670 956 4746 γεννᾷ
982 4664 1068 4748 παρὰ
1094 4670 1139 4748 τῷ
1173 4661 1277 4749 Νείλῳ
1311 4669 1442 4748 ποταμῷ
1476 4658 1635 4748 Ἔπαφον)
1670 4675 1705 4725 et
1739 4658 2029 4746 scholiographus

477 4923 499 4992 ¹)
520 4927 560 4978 Cf.
573 4927 759 4980 Susetalbiium
777 4929 831 4980 ind.
850 4929 913 4982 lect.
931 4939 997 4982 aest.
1012 4931 1115 4996 Gryph.
1138 4933 1206 4995 1884
1224 4947 1252 4996 p.
1271 4945 1287 4994 5
1306 4945 1347 4995 sq.
1362 4929 1419 4996 (ubi
1437 4931 1591 4982 criticorum
1608 4928 1723 4980 indicem
1735 4929 1869 4996 reperies)
1887 4940 1914 4979 et
1932 4927 2029 4980 Philol.

316 5014 405 5066 XMV
423 5031 450 5081 a
472 5030 531 5080 ⁷4⁹·

473 5103 501 5172 ¹)
519 5107 684 5158 llermaanus
702 5107 781 5160 aliter
799 5108 918 5174 explicat
936 5109 969 5175 (ll
987 5125 1015 5174 p.
1035 5109 1072 5174 5),
1090 5125 1149 5160 cutm
1167 5108 1272 5161 scribit:
1290 5109 1443 5160 'secundum
1462 5125 1560 5160 nomeu
1578 5123 1596 5158 a
1614 5117 1736 5160 conmctu
1760 5108 1927 5174 impositum,
1945 5109 2031 5173 inquit

318 5193 426 5258 chorus,
445 5195 537 5247 exibat
559 5198 652 5248 iustum
666 5207 778 5262 tempus,
791 5209 819 5250 ut
838 5209 1044 5249 consentaneum
1063 5209 1133 5249 erat:
1153 5201 1177 5249 h.
1191 5215 1245 5249 e.a
1263 5209 1395 5264 contactu,
1416 5215 1470 5264 quo
1493 5198 1608 5264 gravida
1626 5197 1697 5248 iacta
1716 5208 1756 5248 est
1773 5197 1816 5263 Jo,
1833 5199 1936 5250 exactis
1953 5199 2030 5248 iustis

316 5283 457 5354 mensibus
472 5289 580 5352 peperit
598 5303 717 5354 puerum,
736 5290 779 5340 cui
797 5288 833 5340 ab
852 5289 900 5340 illo
919 5297 1043 5338 conmctu
1061 5303 1159 5340 nomen
1177 5289 1283 5354 Epaphi
1303 5289 1412 5340 inditum
1431 5290 1490 5339 est!
1508 5289 1586 5352 Quae
1605 5303 1652 5338 eur
1670 5287 1843 5354 reprobanda
1862 5303 2028 5352 censeamus,

316 5375 381 5426 satis
399 5391 481 5441 supra
500 5375 597 5427 dictum
617 5387 666 5428 est.
