4780 6044
1139 307 1192 371 XI

312 517 399 592 haec
422 524 600 610 exposuit:
625 523 728 590 Diese
751 523 972 589 Monumente
1004 522 1127 590 stellen
1157 522 1348 589 simmtlich
1379 521 1453 587 eine
1481 521 1745 608 ausgestreckte
1775 521 1892 587 rechte
1919 523 2020 587 Hand

313 651 414 719 theils
437 653 472 717 in
495 652 558 716 der
582 647 790 716 natiirlichen
814 650 947 715 Gr6sse
977 671 1054 729 vor;
1088 651 1144 715 die
1177 651 1251 716 drei
1282 665 1395 716 ersten
1418 649 1544 735 Finger
1575 649 1650 714 sind
1680 647 1931 734 ausgestreckt,
1964 648 2022 713 die

314 777 436 843 beiden
475 775 596 841 letzten
632 749 895 860 eingeschlagen
914 821 921 838 .
939 822 973 838 ..
1008 775 1085 839 Nun
1118 775 1194 842 sind
1237 776 1323 842 aber
1356 775 1451 841 diese
1488 774 1612 840 Hande
1654 774 1715 839 mit
1754 773 2020 840 verschiedenen

313 901 507 990 Symbolen
542 922 585 965 an
619 899 886 966 verschiedenen
919 898 1051 965 Stellen
1086 903 1263 968 versehen.
1328 900 1432 968 Allen
1467 900 1677 988 gemeinsam
1711 899 1754 966 ist
1790 900 1864 966 eine
1897 921 2021 988 grosse

313 1028 496 1114 Schlange‚
521 1026 653 1093 welche
676 1026 749 1091 sich
773 1047 854 1092 vom
878 1024 1109 1112 Handgelenk
1132 1049 1194 1094 aus
1218 1026 1304 1093 nach
1328 1028 1393 1093 den
1417 1025 1673 1113 Fingerspitzen
1696 1048 1735 1091 zu
1759 1048 1817 1091 urn
1840 1025 1897 1090 die
1920 1026 2021 1091 Hand

314 1154 450 1220 windet.
496 1152 556 1218 Bel
585 1152 762 1218 mehreren
792 1153 898 1216 findet
920 1151 993 1217 sich
1018 1167 1119 1218 unten
1150 1174 1192 1218 an
1216 1154 1279 1218 der
1301 1151 1531 1218 Handwurzel
1554 1153 1663 1218 durch
1686 1153 1739 1218 ein
1762 1151 2022 1240 Kreissegment

311 1279 497 1367 eingesasst
520 1279 589 1344 und
612 1299 682 1345 von
707 1279 773 1343 den
796 1279 940 1364 librigen
958 1278 1158 1344 Attributen
1182 1279 1336 1344 dadurch
1360 1279 1633 1365 ausgeschieden
1657 1279 1731 1346 eine
1754 1277 1913 1365 liegende
1930 1279 2020 1344 Frau

312 1405 372 1470 mit
404 1405 512 1470 einem
537 1404 628 1469 Kind
660 1425 703 1469 an
735 1404 798 1468 der
820 1404 935 1469 Brust:
969 1425 1046 1468 man
1079 1405 1138 1470 hat
1171 1406 1298 1471 daraus
1322 1405 1382 1470 mit
1404 1405 1516 1470 Recht
1545 1404 1778 1492 geschlossen,
1813 1405 1894 1470 dass
1926 1405 2021 1470 diese

312 1530 435 1595 Hande
452 1529 503 1594 ein
517 1530 682 1595 Ex·Voto
698 1529 756 1594 fiir
772 1529 845 1594 eine
861 1528 1058 1615 gitickliche
1073 1531 1297 1618 Entbindung
1312 1526 1429 1616 sind.¹)
1452 1532 1600 1596 Doctam
1615 1531 1726 1619 Jahnii
1743 1529 2020 1615 disputationem,

312 1677 415 1741 quam
438 1656 514 1740 ipse
537 1654 653 1734 adeas,
678 1655 776 1721 novis
799 1655 896 1720 auxit
920 1657 1146 1722 monumentis
1170 1673 1204 1722 et
1227 1657 1475 1723 consummavit
1493 1656 1639 1722 Carolus
1655 1654 1798 1740 Dilthey
1819 1653 2020 1741 (Archaeol.

313 1782 503 1870 Epigraph.
528 1778 683 1848 Mittheil.
708 1803 771 1846 aus
794 1780 1014 1847 Oesterreich
1038 1783 1066 1846 ll
1090 1804 1124 1867 p.
1148 1803 1192 1866 44
1215 1780 1318 1867 sqq.).
1365 1785 1485 1867 ltaque
1508 1803 1597 1865 quos
1614 1782 1728 1866 partui
1747 1803 1912 1866 praeesse
1935 1784 2022 1848 deos

312 1908 441 1992 antiqui
474 1907 628 1973 homines
659 1923 829 1992 putarent,
861 1909 907 1973 ab
939 1909 1059 1974 iisdem
1091 1925 1221 1974 certum
1252 1907 1345 1973 illum
1376 1909 1538 1995 tangendi
1567 1924 1703 1995 gestum
1727 1908 1883 1973 adhiberi
1907 1908 2022 1973 existi·

312 2035 461 2099 mabant.
508 2033 750 2100 Disseruerunt
783 2035 827 2098 de
858 2049 934 2100 toto
964 2034 1032 2100 hoc
1063 2034 1143 2100 loco
1174 2033 1316 2121 egregie
1340 2033 1547 2100 Welckerus
1575 2034 1706 2118 Opusc.
1730 2035 1773 2099 III
1795 2055 1831 2120 p.
1859 2036 1918 2119 185
1943 2055 2020 2118 sqq.

313 2175 347 2224 et
370 2159 524 2224 Marxius
548 2157 686 2246 collega
717 2159 749 2223 in
783 2158 1006 2225 relationibus
1037 2159 1179 2225 instituti
1210 2159 1466 2246 archaeologici
1499 2161 1595 2244 quod
1626 2162 1727 2225 floret
1757 2159 1903 2225 Athenis
1937 2161 2020 2244 1885

312 2284 348 2351 S.
377 2287 439 2369 189
462 2307 538 2371 sqq.
568 2283 673 2351 Velut
695 2284 832 2370 ilithyia
854 2286 887 2350 in
910 2285 1055 2370 speculo
1079 2303 1216 2352 etrusco
1239 2285 1404 2374 syllogae
1424 2286 1683 2353 Gerhardianae
1704 2287 1718 2350 I
1741 2287 1811 2352 tab.
1828 2287 1871 2351 66
1895 2285 2020 2373 (Marx.

312 2433 345 2496 p.
374 2410 450 2496 189)
474 2411 571 2500 Jovis
594 2411 745 2476 sedentis
768 2413 877 2478 ventri
902 2434 1002 2478 manu
1025 2411 1164 2497 placide
1187 2413 1337 2479 immissa
1375 2414 1455 2478 facit
1487 2429 1523 2478 ut
1540 2413 1694 2479 Minerva
1715 2435 1761 2477 ex
1777 2413 1890 2498 capite
1905 2385 2021 2478 divino

312 2537 477 2624 prosiliat.
525 2537 678 2623 Copiose
702 2538 849 2604 Ovidius
871 2539 904 2604 in
920 2539 1248 2625 Metamorphoseon
1264 2538 1354 2606 libro
1369 2541 1406 2606 X
1422 2560 1486 2625 503
1504 2561 1581 2626 sqq.
1617 2540 1794 2625 Myrrham
1810 2539 1842 2604 in
1860 2540 2020 2605 arborem

311 2685 513 2730 conversam
537 2665 625 2730 hunc
648 2665 679 2728 in
704 2665 844 2730 modum
868 2667 1048 2732 enitentem
1071 2667 1268 2752 descripsit:

632 2807 667 2856 at
690 2791 780 2856 male
804 2808 991 2878 conceptus
1014 2795 1079 2859 sub
1103 2795 1233 2859 robore
1256 2809 1413 2860 creverat
1436 2794 1543 2860 infans

632 2916 892 3000 quaerebatque
914 2917 1015 2997 viam,
1040 2941 1109 3004 qua
1132 2941 1171 2985 se
1193 2921 1368 3007 genetrice
1392 2919 1512 2986 relicta

632 3057 805 3107 exereret:
829 3042 942 3108 media
964 3045 1131 3131 gravidus
1155 3061 1262 3112 tumet
1286 3047 1413 3112 arbore
1435 3063 1566 3112 venter.

631 3167 737 3232 tendit
761 3188 847 3233 onus
871 3184 1023 3248 matrem,
1048 3192 1160 3254 neque
1183 3172 1310 3238 habent
1334 3195 1397 3238 sua
1420 3173 1529 3240 verba
1553 3172 1704 3253 dolores,

631 3314 693 3358 nec
716 3293 844 3359 Lucina
868 3310 984 3380 potest
1008 3296 1171 3379 parientis
1195 3318 1283 3364 voce
1307 3299 1435 3365 vocari.

631 3419 747 3484 nitenti
769 3436 882 3486 tamen
906 3435 958 3486 est
981 3419 1099 3488 similis
1122 3440 1338 3510 curvataque
1362 3426 1504 3490 crebros

631 3546 690 3611 dat
713 3546 863 3632 gemitus
886 3547 992 3611 arbor
1014 3547 1232 3634 lacrimisque
1255 3551 1458 3616 cadentibus
1482 3567 1584 3617 umet.

632 3674 782 3741 constitit
806 3675 850 3740 ad
874 3695 989 3740 ramos
1012 3675 1102 3742 mitis
1125 3675 1254 3742 Lucina
1276 3675 1435 3744 dolentes

631 3800 856 3884 admovitque
880 3822 999 3866 manus
1023 3815 1058 3866 et
1081 3802 1190 3867 verba
1213 3823 1388 3888 puerpera
1411 3803 1508 3869 dixit.

635 3926 739 3992 arbor
763 3927 837 4010 agit
861 3927 962 3993 rimas
987 3943 1020 3992 et
1044 3929 1125 3994 fissa
1148 3929 1276 3994 cortice
1299 3929 1417 3995 vivum

631 4054 744 4118 reddit
768 4073 855 4119 onus
879 4053 1046 4141 vagitque
1069 4075 1166 4138 puer.

311 4179 455 4263 Priapus
485 4177 590 4244 invita
620 4178 752 4267 Junone
784 4176 889 4263 (quae
922 4200 998 4244 cum
1031 4178 1113 4246 alibi
1145 4195 1217 4246 tum
1249 4181 1344 4266 apud
1368 4180 1526 4267 Argivos
1558 4197 1611 4246 est
1633 4177 1850 4267 Eilel8utoe)²)
1874 4181 2022 4246 nascitur

310 4305 491 4390 Lampsaci
515 4305 630 4389 Etym.
654 4305 769 4392 Magn.
794 4326 828 4389 p.
855 4301 984 4391 2,13:⁸)
1017 4309 1233 4396 μεμαγευμένῃ
1263 4319 1302 4394 τῇ
1334 4310 1412 4395 χειρὶ
1443 4308 1585 4394 ἐφήψατο
1613 4318 1668 4393 τῆς
1696 4310 1828 4394 γαστρὸς
1852 4309 1947 4394 αὐτῆς
1969 4311 2023 4374 καί

310 4433 454 4518 ἐποίησεν
486 4434 582 4518 αὐτὴν
614 4444 716 4499 τεκεῖν
747 4435 853 4517 παῖδα,
887 4435 922 4499 ὃν
951 4432 1091 4520 Πρίηπον
1120 4436 1335 4520 ὀνομασθῆναι
1363 4437 1505 4520 ἄσχημον
1529 4436 1581 4500 καὶ
1606 4437 1745 4520 ἄμορφον
1768 4429 1846 4499 κτλ’.
1894 4430 2023 4496 Contra

310 4555 480 4622 ‘adsidere
512 4555 677 4642 gravidis,
710 4557 768 4623 vel
803 4579 880 4623 cum
913 4559 1100 4623 remedium
1133 4557 1233 4623 alicui
1263 4557 1477 4636 adhibeatur,
1510 4557 1625 4644 digitis
1656 4557 1852 4641 pectinatim
1875 4556 1961 4622 inter
1984 4577 2023 4621 se

310 4682 471 4768 implexis
495 4683 694 4748 veneficium
718 4701 780 4764 est,
804 4685 910 4769 idque
926 4701 1141 4770 compertum
1158 4686 1295 4749 tradunt
1313 4682 1504 4749 Alcumena
1519 4681 1704 4748 Herculem
1724 4682 1888 4767 pariente,
1912 4682 2021 4766 peius,

309 4811 337 4875 si
371 4810 459 4875 circa
492 4831 593 4874 unum
625 4811 774 4876 ambove
811 4831 938 4898 genua3
973 4812 1054 4876 item
1086 4810 1239 4896 poplites
1270 4808 1408 4875 alternis
1442 4808 1589 4896 genibus
1628 4805 1766 4892 imponi'
1796 4805 1921 4873 Plinius
1957 4809 2021 4873 NH

308 4935 462 5002 XXVlll
488 4957 524 5022 17
551 4937 736 5002 memoriae
760 4937 912 5022 prodidit
937 4935 1101 5022 exemplo
1123 4959 1169 5002 ex
1185 4935 1302 5001 Ovidii
1318 4935 1658 5020 Metamorphosibus
1675 4934 1822 5000 sortasse
1837 4936 2021 5017 desumpto

316 5065 522 5073 —-—-—-—-

470 5095 491 5164 ¹)
509 5098 532 5163 J.
553 5098 662 5162 dem,
682 5097 818 5148 Deutsche
837 5097 1005 5162 Mythologie
1024 5094 1065 5147 11⁴
1083 5114 1110 5163 p.
1130 5100 1190 5160 986.

470 5181 621 5252 ²)Preller,
641 5187 749 5238 Griech.
768 5183 894 5252 Mythol.⁴
912 5201 938 5251 p.
962 5200 1007 5250 ¹7¹
1029 5203 1070 5252 sq.

469 5273 491 5341 ὃ)
509 5275 601 5328 Schol.
621 5277 748 5342 Apollou.
769 5277 859 5341 1932.
879 5275 956 5327 Marx
976 5293 1002 5342 p.
1025 5271 1099 5338 ¹9⁰²·
