4780 6044
1218 337 1328 402 XXX

416 553 626 636 Mycenaeas
659 569 692 615 et
726 552 927 636 Tirynthios
959 553 990 618 in
1028 553 1195 618 dicionem
1226 553 1439 638 Argivorum
1474 553 1633 617 redactos
1652 551 1741 636 'ipse
1774 570 1880 637 poeta
1914 553 2046 630 viderit,
2081 577 2128 618 ex

416 677 579 742 historiae
603 677 891 743 vicissitudinibus
907 678 1144 764 intellegimus.
1183 679 1292 744 Simul
1316 701 1392 744 cum
1417 679 1496 743 loco
1521 677 1658 742 fabulae
1682 693 1815 743 mutato
1838 678 1924 743 alius
1948 680 2009 766 Jus
2028 695 2128 764 pater

416 803 448 866 in
480 803 697 888 tragoediam
729 803 885 868 inductus
911 804 1055 882 videtur,
1081 827 1183 888 quern
1206 805 1365 868 Inachum
1382 800 1796 888 AeschyluS‚Pirenem¹)
1821 804 1995 870 Hesiodus
2026 826 2128 870 voca-

415 943 513 994 verat
537 927 632 994 initio
649 927 770 1012 capitis
783 929 1015 1013 Apollodorei
1031 953 1137 1015 supra
1153 931 1305 1015 appositi
1322 953 1356 1014 p.
1375 931 1493 996 XXV.
1511 929 1703 994 Piranthem
1721 931 1865 996 eundem
1883 929 2127 1014 Apollodorus

417 1071 517 1120 antea
550 1055 696 1135 dixerat,
730 1078 806 1120 cum
836 1057 925 1142 Argi
960 1058 1124 1141 eponymi
1157 1057 1246 1122 filios
1279 1072 1492 1121 enumeraret
1524 1057 1551 1120 II
1585 1077 1613 1135 1,
1646 1051 1710 1140 aff)
1742 1055 1893 1140 dicitque
1925 1055 2128 1120 Plutarchus

417 1180 650 1246 Daedalorum
686 1183 725 1246 ir.
753 1179 824 1266 XI)
853 1183 977 1268 λέγεται
1008 1185 1042 1248 δὲ
1071 1184 1088 1247 ὁ
1117 1183 1231 1270 Πείρας
1258 1181 1275 1246 δ
1303 1193 1423 1270 πρῶτος
1453 1180 1633 1270 Ἀργολίδος
1655 1179 1754 1269 Ἤρας
1785 1183 1865 1270 ἱερὸν
1888 1183 2049 1268 εἱσάμενος
2071 1186 2128 1268 τὴν

416 1307 529 1372 ἑαυτοῦ
552 1309 713 1395 θυγατέρα
736 1308 934 1374 Καλλίδυιαν
951 1309 1062 1394 ἱέρειαν
1078 1309 1278 1394 καταστήσας
1294 1310 1330 1374 ἑκ
1346 1319 1408 1374 τῶν
1424 1312 1493 1394 περὶ
1514 1307 1656 1396 Τίρυνθα
1676 1309 1809 1395 δένδρων
1825 1311 1942 1396 ὄγχνην
1962 1311 2064 1395 τεμὼν
2080 1309 2128 1374 εὖ·

416 1432 546 1498 κτέανον
557 1427 655 1519 Ἥρας
665 1435 792 1518 ἄγαλμα
802 1429 993 1519 μορφῶσαιέ)
1007 1448 1041 1495 et
1053 1431 1250 1516 appellatur
1261 1435 1303 1521 Jo
1316 1435 1410 1518 apud
1425 1433 1636 1517 Hesychium
1646 1453 1673 1496 s.
1684 1453 1717 1497 v.
1733 1429 2007 1517 ‘Kairateooa’h
2018 1433 2128 1517 prima

416 1557 556 1643 Junonis
580 1553 788 1640 sacerdosfl)
813 1558 909 1642 Ergo
926 1579 972 1620 ex
988 1559 1256 1641 Mycenaeorum
1273 1559 1436 1624 memoria
1453 1560 1606 1624 Pirenem
1624 1555 1829 1638 ‘Hesiodus’,
1847 1581 1892 1624 ex
1913 1558 2129 1645 Argivorum

417 1681 577 1746 Inachum
594 1683 655 1769 Jus
672 1697 805 1766 patrem
823 1681 1022 1766 Aeschylus
1038 1699 1161 1766 aperto
1182 1685 1325 1750 consilio
1350 1686 1551 1769 desumpsit.
1587 1685 1680 1749 Idem
1705 1685 1852 1750 sortasse
1876 1685 1920 1749 de
1936 1684 2129 1750 Danaidum

417 1807 556 1891 hospite
579 1807 728 1892 Pelasgo
753 1831 847 1894 rege,
872 1808 1135 1874 Palaechthonis
1159 1833 1205 1874 ex
1229 1811 1339 1875 Terra
1363 1812 1430 1876 nati
1453 1810 1534 1888 tilio,
1560 1833 1661 1895 quem
1679 1803 1921 1895 GelanoremI)
1944 1811 2130 1875 nominavit

418 1930 623 2011 ‘Hesiodus'‚
656 1935 874 1999 statuendum
905 1933 991 2021 σοι’)
1024 1935 1087 2000 etsi
1120 1957 1220 2000 secus
1252 1937 1352 2001 sentit
1386 1936 1669 2002 Wilamowitzius
1714 1935 1828 2000 Herm.
1870 1937 1949 2021 1887
1985 1957 2019 2019 p.
2048 1939 2128 2018 609:

408 2056 501 2123 ·‘Das
529 2061 658 2124 Drama
691 2060 793 2144 spielt
827 2083 865 2126 zu
890 2063 957 2125 den
988 2062 1102 2126 Zeiten
1136 2064 1199 2126 des
1230 2061 1408 2146 Pelasgos,
1440 2061 1690 2126 Palaechthons
1720 2060 1826 2139 Sohn‚
1861 2061 1928 2125 und
1966 2061 2031 2124 wie
2063 2062 2127 2125 das

419 2184 644 2248 Barbarische
669 2186 727 2250 mit
751 2187 858 2250 feinen
884 2187 1143 2251 Pinselstrichen
1168 2189 1395 2272 ausgetragen
1423 2187 1477 2266 ist,
1506 2207 1546 2251 so
1576 2185 1685 2252 sollen
1711 2186 1775 2252 wir
1798 2186 1930 2252 tiberall
1955 2187 2021 2250 den
2045 2187 2130 2250 Erd-

418 2311 549 2394 geruch
584 2311 648 2376 der
673 2311 786 2378 Urzeit
821 2309 967 2396 spiiren'.
1025 2311 1224 2377 Odoramur
1262 2312 1295 2377 in
1334 2312 1398 2376 hac
1432 2313 1615 2398 tragoedia
1649 2331 1712 2376 nos
1746 2332 1889 2396 quoque
1922 2311 2130 2398 terrigenam

419 2449 624 2499 vetustatem
648 2453 682 2501 et
705 2435 920 2522 genealogiIs
945 2451 978 2500 et
1002 2435 1077 2500 aliis
1101 2436 1205 2501 rebus
1228 2437 1403 2502 effectam:
1442 2437 1539 2503 velut
1564 2438 1683 2523 Argus
1707 2454 1824 2502 custos
1848 2436 2001 2502 ‘Tellure
2023 2434 2133 2501 ortus'

419 2561 525 2624 fertur
549 2582 581 2626 v.
607 2581 670 2645 305
697 2561 823 2642 (Prom.
849 2561 939 2645 570).
975 2561 1025 2625 At
1048 2561 1110 2625 suit
1134 2577 1213 2626 ante
1232 2562 1449 2648 Aeschylum
1473 2563 1572 2628 huius
1589 2562 1677 2649 Argi
1701 2563 1843 2648 originis
1867 2561 1963 2627 testis
1986 2561 2131 2626 idoneus

418 2686 603 2752 Acusilaus
628 2687 763 2751 natione
795 2687 869 2770 ipse
892 2683 1093 2773 Argivus⁹)‚
1127 2709 1315 2772 perquem
1349 2709 1425 2752 cum
1458 2689 1525 2753 alia
1553 2704 1624 2754 turn
1650 2687 1828 2774 Hesiodea
1857 2686 1963 2752 multa
1991 2687 2035 2752 ad
2067 2707 2131 2751 nos

420 2828 650 2898 pervenerunt
667 2812 850 2898 (Apollod.
876 2815 902 2876 II
932 2812 1006 2898 r‚3).
1047 2813 1150 2878 Certe
1165 2813 1334 2900 Pelasgus
1355 2811 1574 2894 ‘autochtho',
1593 2830 1628 2878 ut
1645 2815 1744 2878 decet
1762 2813 1883 2897 populi
1909 2833 2130 2896 eponymum‚

419 2939 500 3003 alibi
525 2939 743 3022 praedicatur
766 2937 826 3024 (ib.
852 2939 879 3002 ii
907 2957 956 3018 ια
974 2967 1016 2994 =
1033 2939 1115 3004 Hes.
1140 2941 1178 3004 ir.
1204 2961 1247 3026 70
1270 2939 1343 3025 Ra).
1383 2940 1598 3024 Aeschylum
1624 2939 1729 3026 igitur
1751 2939 1796 3004 de
1816 2938 1966 3024 Pelasgo
1991 2957 2133 3022 quoque

419 3064 589 3150 Argivam
613 3066 786 3147 quandam
811 3065 1009 3129 memoriam
1033 3066 1178 3130 desertis
1202 3063 1404 3152 ‘Catalogis'
1427 3065 1622 3149 suscepisse
1646 3063 1810 3130 credibile
1834 3079 1897 3129 est.
1907 3057 1947 3147 10)

579 3223 599 3292 ¹)
618 3225 788 3276 Herodianus
806 3241 832 3276 τι.
852 3225 980 3291 μονήροος
998 3226 1092 3290 λέξεως
1111 3243 1137 3292 p.
1162 3242 1190 3290 ¹7
1211 3227 1286 3279 οὐδέν
1305 3229 1342 3289 tir
1361 3243 1392 3292 ην
1410 3227 1494 3293 λῆγον
1514 3227 1598 3293 ὄνομα
1617 3227 1769 3292 δξονδμτνον
1787 3225 1934 3290 καθαρτδτι
1950 3225 2021 3276 κατά
2038 3229 2130 3290 χρῆσιν

418 3316 559 3382 Ἑλλήνων,
584 3313 642 3366 ἀλλ’
668 3317 709 3366 ἀι)
733 3316 783 3380 πρὸ
807 3318 852 3365 το]
876 3330 894 3380 η
917 3315 1053 3380 σὺρφιονον
1084 3317 1148 3381 έχτι,
1172 3313 1228 3368 οῐον
1251 3316 1339 3382 σωλήν
1361 3315 1453 3382 λειχὴν
1471 3316 1564 3382 Κηφὴν
1587 3316 1671 3382 αὐχήν
1695 3316 1798 3382 Πιιρήν,
1821 3313 1884 3366 καθ’
1904 3315 2024 3366 Ἡσίοδον
2042 3315 2130 3387 nott-ip

416 3406 493 3466 Ἰοῦς.
530 3405 716 3471 Apollodorus
741 3405 763 3454 11
791 3421 811 3466 ι,
837 3420 860 3466 3.
894 3403 1033 3454 'Inachum'
1058 3405 1104 3469 Jus
1130 3415 1231 3470 patrem
1255 3406 1316 3456 solii
1345 3405 1476 3468 amyclael
1504 3416 1642 3456 enarrator
1669 3404 1819 3472 appellavit
1847 3405 1922 3454 Paus
1951 3403 1985 3454 Ill
2017 3407 2056 3466 ιδ,
2088 3408 2133 3468 ¹3²

418 3495 490 3559 Ἥρα
517 3497 546 3546 δέ
574 3497 663 3560 ἀφορᾷ
690 3495 754 3559 πρὸς
780 3495 824 3545 Ἰὼ
852 3495 898 3559 τὴν
926 3493 1031 3559 Ἰνάχου
1059 3495 1118 3558 βοῦν
1146 3489 1226 3545 οὖσαν
1253 3495 1312 3562 ἤδη.
1359 3495 1392 3544 At
1421 3496 1546 3544 Incertum
1575 3495 1638 3560 quid
1667 3494 1810 3558 Bathycies
1838 3494 1950 3557 Magnes
1978 3495 2037 3558 ipse
2061 3508 2133 3542 cona·

420 3595 524 3650 perturn
543 3584 672 3634 habuerit.

578 3670 600 3739 2)
620 3673 728 3738 Preiier,
747 3669 876 3738 Mythoi.³
896 3673 917 3724 ll
937 3689 963 3738 p.
983 3687 1027 3736 40.
1075 3673 1145 3724 Pletv
1174 3673 1294 3740 (Jahrbb.
1322 3680 1390 3739 1870
1411 3691 1438 3740 p.
1463 3677 1515 3736 665
1535 3673 1608 3741 sqq.)
1637 3673 1768 3740 quandam
1797 3674 1974 3724 recentiorum
2003 3671 2036 3722 de
2063 3671 2134 3736 jone

419 3775 568 3814 commenta
587 3776 659 3814 recte
679 3763 810 3814 refutavit.
850 3765 935 3826 Quam
955 3765 1015 3828 ipse
1035 3763 1152 3814 defendit
1171 3767 1326 3816 sententiam
1347 3763 1550 3829 improbandam
1570 3774 1699 3828 putamus.
1965 3809 1972 3824 ‚

574 3851 596 3918 θ)
616 3855 680 3904 Cum
700 3855 840 3904 Plutarcho
865 3841 996 3904 consentit
1020 3851 1151 3904 Eusebius
1176 3855 1198 3904 II
1218 3870 1243 3919 p.
1265 3871 1300 3906 ao
1316 3854 1379 3905 Scia.
1417 3853 1489 3903 Idem
1509 3853 1588 3903 muita
1611 3869 1669 3903 cum
1688 3851 1861 3916 Apollodoro
1882 3851 1911 3914 tt,
1935 3867 1944 3898 r
1968 3849 2001 3898 de
2018 3847 2087 3914 Jone
2108 3857 2136 3898 et

420 3945 467 4010 Jus
487 3946 605 4010 posteris
624 3943 773 3995 communia
791 3941 880 3994 habet.

579 4031 601 4098 ⁴)
622 4033 706 4102 Aliter
725 4033 758 4082 de
778 4033 827 4082 hae
846 4049 875 4082 re
895 4035 1039 4083 Pausanias
1059 4034 1081 4083 ii
1104 4047 1173 4096 17‚5:
1193 4035 1223 4084 τδ
1243 4035 1272 4084 δέ
1292 4035 1468 4098 ἀρχαιότατον
1487 4029 1581 4101 (Ἥρας
1601 4029 1720 4098 ἄγαλμα)
1739 4033 1878 4096 πεποίηται
1897 4030 1943 4094 μέν
1962 4030 1989 4092 ἐξ
2007 4029 2135 4094 ἀχράδος,

421 4125 534 4189 ἀνετέθη
554 4125 583 4174 δὲ
601 4125 628 4186 ές
648 4123 763 4188 Τίρυνθα
781 4123 830 4173 ὑπὸ
849 4123 979 4187 Πειράσου
998 4125 1044 4173 τοῦ
1062 4121 1169 4188 Ἀργοο,
1190 4123 1305 4187 Τίρυνθα
1324 4125 1353 4173 δὲ
1372 4123 1509 4184 ἀνελόντας
1525 4122 1641 4188 Ἀργεῖοι
1659 4123 1810 4186 κομίζουσιν
1828 4122 1855 4182 ές
1874 4121 1904 4171 τδ
1923 4120 2037 4184 Ἡραῖον.

559 4210 602 4278 ιε’)
621 4211 807 4278 Καλλιδοέσσῃ
826 4212 957 4262 masculus
977 4213 1124 4277 respondet
1143 4212 1222 4276 plane
1241 4213 1361 4278 Θυέστης.

578 4299 599 4367 ⁸)
618 4302 735 4365 Hesych.
755 4317 776 4352 s.
797 4317 821 4351 ν.
840 4303 892 4364 Ἰώ,
912 4300 957 4350 ubi
974 4303 1091 4368 Ἀθηνάς
1111 4303 1136 4350 in
1155 4301 1238 4366 Ἥρας
1258 4301 1353 4351 dudum
1374 4301 1539 4351 emendatum
1560 4311 1608 4350 est.

579 4389 600 4457 ἵ)
620 4392 740 4442 Gelanor
758 4391 876 4442 Stheneli
896 4390 965 4440 itlius
984 4402 1024 4441 est
1043 4390 1114 4456 apud
1134 4391 1209 4440 Paus.
1230 4391 1252 4440 II
1276 4393 1340 4452 ron.
1368 4391 1513 4455 Ἐλλάνωρ,
1526 4391 1599 4454 quod
1616 4401 1656 4439 est
1675 4391 1700 4439 in
1716 4388 1877 4454 Apollodori
1897 4397 2027 4450 excerpto
2047 4387 2135 4436 schol.

421 4483 521 4532 VenA
542 4481 576 4530 ad
597 4482 619 4531 A
639 4497 681 4545 42,
701 4481 727 4530 in
745 4481 868 4546 Psitdvnp
887 4491 960 4530 recte
980 4481 1151 4530 emendanrnt
1170 4482 1253 4530 Invito
1273 4479 1420 4532 Weiclrero
1440 4479 1563 4542 Aeschyi.
1583 4477 1706 4541 Trilogie
1726 4494 1752 4543 p.
1773 4491 1832 4541 393.
1863 4479 2053 4541 componimus
2075 4489 2135 4526 curn

421 4574 474 4622 hoc
493 4573 599 4622 nomine
618 4572 725 4621 atticum
744 4570 973 4622 Γιλίων-Γτλάων.

579 4657 601 4725 8)
622 4661 750 4722 Pelasgus
769 4660 934 4722 Aeschyleus
954 4661 980 4708 In
999 4659 1113 4724 epistula
1132 4660 1342 4724 Hypermestrae
1362 4657 1497 4707 Orldiana
1515 4657 1578 4706 XIV
1599 4673 1631 4720 23
1652 4658 1727 4708 redit.

579 4747 601 4816 ο)
622 4752 654 4801 H.
674 4753 707 4800 D.
728 4751 841 4800 Mueller
860 4751 881 4798 II
901 4765 927 4814 p.
949 4763 1008 4812 279.
1047 4750 1169 4798 Ceterum
1194 4749 1309 4798 Ovidius
1329 4748 1428 4812 Argum
1445 4745 1634 4798 'Arestoriden'
1656 4763 1717 4797 esse
1744 4747 1829 4796 voluit
1856 4747 1918 4796 Met.
1938 4747 1948 4796 I
1967 4747 2020 4807 ⁶24
2039 4759 2135 4792 secun·

423 4841 483 4891 dum
503 4841 684 4904 Pherecydem
708 4840 802 4906 (schol.
823 4841 884 4889 Eur.
911 4839 1008 4889 Phoen.
1038 4839 1190 4888 1116=ir.
1212 4853 1243 4888 aa
1264 4839 1318 4903 Μ),
1343 4837 1412 4888 idem
1429 4835 1608 4887 'Hesiodeurn'
1629 4837 1705 4902 Jovis
1729 4836 1763 4886 de
1781 4837 1850 4902 Jone
1875 4834 2040 4887 mendacium
2060 4834 2138 4883 novit

422 4935 482 4993 615.
533 4931 678 4996 Utrumque
716 4929 796 4980 habet
828 4928 1025 4994 Apollodorus:
1061 4927 1130 4978 unde
1160 4928 1383 4992 mythographum
1421 4936 1446 4975 et
1477 4925 1537 4976 huic
1573 4937 1599 4975 et
1630 4925 1732 4976 ortdto
1770 4926 1881 4975 eundern
1912 4934 2022 4990 praesto
2052 4921 2137 4972 fuisse

422 5021 590 5070 manifestum
611 5031 659 5070 est.

585 5107 618 5174 ιθ)
638 5111 772 5174 Lugernus
792 5110 864 5177 quod
885 5109 919 5158 de
936 5105 1073 5158 'Danaide'
1096 5107 1212 5156 carmine
1232 5107 1312 5170 epico
1333 5105 1396 5155 nihil
1415 5105 1472 5156 t'ere
1490 5105 1554 5156 sciri
1572 5114 1663 5170 potest
1681 5106 1731 5154 alsi
1751 5117 1866 5169 pugnarn
1886 5103 1972 5152 Danai
1991 5101 2059 5152 filins
2077 5115 2139 5150 eum

426 5201 569 5266 Aegyptiis
588 5199 694 5250 adiliil
714 5202 783 5252 ostia
802 5200 916 5250 ieiiciter
935 5198 1115 5250 commisisse:
1135 5211 1188 5262 qua
1207 5196 1242 5244 de
1261 5211 1290 5245 re
1309 5196 1373 5246 nihii
1392 5211 1479 5262 neque
1492 5195 1640 5259 Aeschylus
1660 5193 1740 5244 habet
1758 5209 1808 5243 nec
1827 5193 1918 5242 ceteri.
1951 5193 2138 5256 Fragmentum

421 5292 599 5344 adscribImus
628 5302 710 5342 totum
730 5307 762 5341 ex
784 5290 927 5341 Clementis
945 5288 1042 5340 Strom.
1063 5285 1098 5337 IV
1120 5302 1178 5350 ατς,
1199 5285 1271 5352 quod
1301 5295 1414 5353 propter
1446 5285 1545 5334 omissa
1565 5283 1695 5351 quaedam
1714 5283 1785 5351 apud
1816 5283 1968 5334 Kinireiiuna
1995 5295 2047 5332 non
2070 5280 2140 5330 satis
