4780 6044
1058 323 1269 421 -..t131-..-

308 559 375 623 μιος
399 531 522 622 (δὼτωρ
545 536 716 622 ἀπημονίης
738 534 870 600 Callim.
895 537 1022 620 Hymn.
1046 539 1061 602 l
1085 537 1142 624 92)
1165 538 1198 604 in
1221 537 1390 604 Parnethe
1413 537 1604 603 colebatur.
1640 536 1876 626 Ἐξαιιεοτήριος
1899 538 2016 622 Ἀλεξί-

307 685 407 742 κακος
430 662 629 740 Παυσίλυπος
651 660 738 726 locis
761 683 780 726 a
805 663 1042 730 Bruchmanno
1065 665 1097 728 in
1121 663 1241 730 libello
1265 660 1332 729 ‘De
1355 663 1520 748 Apolline
1548 680 1583 729 et
1610 686 1737 750 graeca
1765 665 1919 732 Minerva
1942 666 2016 730 deis

308 782 464 854 medicis’
486 785 612 852 utiliter
634 787 823 872 compilato
847 812 882 874 p.
907 812 926 874 3
950 805 984 856 et
1009 812 1050 875 25
1075 789 1188 856 allatis
1211 790 1365 857 innotuit.
1411 793 1531 875 Itaque
1555 790 1660 855 filiurn
1688 791 1867 880 peperisse
1893 792 2014 879 Jonem

307 913 398 1000 Jove
429 909 561 999 Ἐπάφῳ
594 927 776 997 praesente
808 915 955 1000 genuina
987 914 1105 981 fabula
1128 917 1262 982 ferebat
1293 940 1348 982 me
1380 917 1502 996 iudice,
1536 931 1573 982 ut
1604 915 1755 1005 Aeglam
1788 933 1822 982 et
1851 917 2016 983 Creusam

307 1038 446 1104 iuvante
478 1035 652 1123 Apolline.
706 1040 759 1104 De
791 1039 909 1126 Aegia
940 1041 1027 1106 enim
1057 1042 1185 1128 lsyllus
1219 1044 1253 1108 in
1285 1043 1417 1128 hymno
1450 1065 1484 1128 p.
1517 1065 1555 1127 ις
1581 1041 1661 1108 Wil.
1693 1044 1822 1130 σέβομαί
1851 1045 1954 1111 σε·ἐν
1982 1046 2016 1110 δὲ

307 1165 425 1232 tuden
447 1166 565 1253 τεμένει
593 1167 701 1234 τὲνετο
724 1167 780 1236 ίνιν
804 1166 1082 1254 (Aesculapium)
1106 1169 1219 1255 Αῖγλα,
1242 1171 1371 1257 γονίμαν
1393 1167 1530 1237 δ’ἔλυσεν
1554 1170 1649 1238 ιὀδῐνα
1671 1169 1742 1248 Διὸς
1765 1179 1837 1248 παῖς
1852 1166 2015 1255 (Apollo)

307 1295 385 1378 μετὰ
407 1291 526 1379 Μοιρᾶν
553 1291 688 1381 Λάχεσίς
715 1315 749 1360 τε
782 1305 858 1381 ματα
889 1295 1002 1382 ἀγαυοί,
1035 1295 1200 1362 Creusam
1232 1296 1386 1361 Minerva
1418 1295 1450 1360 in
1484 1294 1659 1379 Euripidis
1690 1295 1778 1382 Jone
1800 1317 1836 1366 v.
1863 1315 1946 1379 1595
1970 1295 2015 1359 K.

307 1417 354 1481 ita
378 1417 518 1484 affatur:
674 1433 680 1440 '

733 1547 840 1626 καλῶς
864 1543 1063 1616 δ”Απόλλων
1086 1547 1177 1616 πάντ’
1198 1551 1324 1638 ἔπραξε·
1349 1561 1459 1637 πρῶτα
1482 1553 1538 1637 μὲν

734 1675 847 1740 ἄνοσον
870 1675 994 1761 λοχεύει
1017 1672 1057 1757 σ’,
1081 1678 1163 1742 ὥστε
1186 1678 1228 1765 μὴ
1251 1687 1366 1763 γνῶναι
1390 1678 1511 1764 φίλουςι

308 1827 410 1877 notus
442 1812 576 1898 Apollo
607 1815 735 1902 Παιήων
766 1813 909 1897 Ἀνιὲσιος
935 1813 1078 1906 Ὑγιάτης
1112 1821 1224 1900 Οὔλιος
1259 1818 1376 1908 Ἰατρὸς
1415 1819 1645 1909 Προστατήριος
1680 1819 1873 1907 Ἐπικούριος
1905 1820 2016 1907 Σωτήρ

307 1936 535 2024 (Bruchmann
559 1962 620 2026 pg.
645 1943 689 2026 56
711 1941 803 2027 sqq.)
817 1938 853 2028 ¹).
873 1979 917 1990 -
936 1943 1055 2010 Simile
1086 1961 1147 2024 est,
1173 1947 1269 2031 quod
1292 1946 1427 2031 Apollo
1459 1969 1505 2011 ex
1528 1963 1663 2012 mortua
1687 1946 1862 2011 Coronide
1885 1945 2015 2011 Aescu-

306 2062 434 2148 lapium
451 2065 611 2130 infantem
627 2061 835 2152 ‘protraxit’:
858 2067 943 2137 παιδ’
954 2073 992 2137 ἐκ
1014 2083 1125 2159 νεαροῦ
1147 2077 1270 2160 ήρπασε
1292 2073 1426 2138 Pindar.
1442 2071 1543 2157 Pyth.
1561 2074 1603 2137 iii
1629 2067 1710 2158 76²).
1726 2109 1771 2120 -
1788 2072 1900 2136 Finxit
1925 2073 2015 2137 idem

307 2190 352 2254 de
379 2189 469 2277 Jove
496 2205 530 2256 et
554 2190 756 2272 Alcumena,
781 2195 939 2276 quamvis
962 2197 1144 2283 genuinam
1167 2197 1318 2263 fabulam
1349 2219 1455 2282 supra
1483 2220 1517 2283 p.
1541 2200 1577 2264 X
1600 2199 1797 2283 expositam
1820 2199 2014 2277 inverteret,

306 2314 423 2380 irrisor
446 2315 503 2380 ille
526 2317 710 2402 Euripidis,
735 2319 793 2404 qui
817 2318 941 2385 Plauto
964 2318 1245 2407 ‘Amphitruonis’
1268 2344 1289 2388 a
1312 2345 1350 2389 se
1366 2339 1525 2390 novatam
1543 2324 1779 2408 suppeditavit
1798 2319 2015 2410 materiaml)

306 2441 356 2506 lbi
379 2441 539 2529 Juppiter
561 2442 745 2528 pollicetur
768 2445 834 2531 876
857 2467 934 2532 sqq.
958 2469 996 2512 se
1020 2449 1164 2534 parienti
1187 2449 1399 2516 Alcumenae
1422 2449 1637 2514 affuturumn

626 2605 708 2674 post
729 2589 834 2676 igitur
857 2593 994 2656 demum
1018 2594 1149 2673 iaciam,
1175 2609 1212 2660 ut
1235 2616 1290 2660 res
1314 2595 1372 2660 fiat
1396 2593 1521 2680 palam,

626 2731 732 2800 atque
755 2714 968 2784 Alcumenae
992 2719 1023 2784 in
1047 2736 1206 2806 tempore
1229 2719 1394 2787 auxilium
1418 2722 1524 2785 ieram

627 2841 828 2928 faciamque,
852 2860 890 2909 ut
914 2867 982 2910 uno
1005 2847 1077 2912 ietu
1101 2863 1135 2912 et
1158 2848 1254 2932 quod
1278 2847 1457 2934 gravidast
1481 2847 1557 2912 viro

628 2984 663 3033 et
685 2991 740 3034 me
764 2972 859 3054 quod
883 2972 1062 3058 gravidast
1085 2973 1198 3058 pariat
1214 2975 1291 3038 ‘sine
1315 2972 1505 3038 doloribus.

307 3106 430 3172 Omnia
468 3108 590 3175 dehinc
623 3110 669 3176 ita
701 3128 802 3198 gesta
835 3135 911 3180 esse
943 3114 997 3180 bis
1028 3115 1164 3182 Bromia
1195 3116 1316 3182 ancilla
1349 3133 1382 3182 et
1417 3095 1673 3202 spectatoribus
1705 3133 1738 3182 et
1772 3117 2016 3203 Amphitruoni

307 3235 491 3300 enarravit:
516 3258 606 3321 quae
629 3238 857 3304 adscribenda
873 3242 1038 3321 ducimus,
1062 3241 1230 3328 siquidem
1249 3243 1292 3307 ad
1310 3243 1434 3309 Bacchi
1451 3242 1612 3323 tabulam,
1637 3243 1693 3310 vel
1711 3243 1882 3309 Semelam
1900 3245 2016 3328 potius

306 3359 541 3445 Aeschyleam
566 3365 610 3428 de
634 3386 703 3450 qua
727 3366 877 3432 diximus
900 3368 1059 3453 superius
1083 3391 1117 3454 p.
1133 3370 1178 3449 Χ,
1204 3368 1431 3435 cavillandam
1462 3371 1561 3436 nobis
1585 3371 1778 3455 composita
1800 3367 2015 3456 videntur:⁴)

465 3592 486 3662 ¹)
505 3597 547 3647 Ad
567 3599 698 3649 eiusmodi
718 3601 900 3666 exemplorum
919 3602 1114 3654 similitudinem
1137 3604 1218 3671 (quae
1242 3604 1284 3654 vel
1309 3605 1539 3656 Wiiamorvitrium
1564 3605 1666 3670 fugisse
1689 3605 1793 3656 videtur
1818 3607 1886 3671 lsyll.
1907 3623 1933 3673 p.
1958 3624 2014 3672 ¹942

305 3684 372 3748 sugit
391 3695 465 3736 certe
477 3685 644 3738 Sieboidium
656 3689 786 3740 ‘Versuch
805 3693 879 3742 einer
895 3693 1057 3744 Gescblchte
1077 3694 1125 3745 der
1144 3694 1342 3746 Geburtshiilie'
1360 3695 1372 3746 l
1391 3711 1417 3760 p.
1439 3696 1482 3760 25)
1501 3696 1611 3746 Nonnus
1629 3697 1693 3746 XLI
1710 3696 1787 3746 simui
1807 3713 1864 3746 curn
1883 3698 2015 3748 Themide

304 3773 463 3825 Mercurium
481 3776 579 3828 Veneri
597 3778 730 3830 Beroeam
748 3783 861 3846 parienti
879 3777 1038 3834 'subvenisse
1056 3793 1179 3850 tanquam
1197 3785 1342 3836 'Lucinum'
1359 3785 1436 3836 deum
1454 3786 1536 3836 finxit.
1578 3785 1617 3836 Ci.
1636 3802 1663 3851 p.
1682 3785 1745 3836 XVI
1762 3802 1803 3852 sq.
1823 3787 1903 3850 Quod
1921 3797 2015 3862 contra

304 3863 475 3916 Welclterum
487 3883 623 3919 monemus
634 3869 667 3919 de
676 3870 816 3922 Nonniana
826 3872 967 3922 historiola
977 3877 1133 3940 ceteroquin
1144 3876 1284 3925 verissime
1295 3875 1453 3925 iudicantem
1465 3875 1566 3942 Opusc.
1578 3875 1612 3925 lli
1622 3891 1648 3940 p.
1663 3889 1720 3938 197.
1731 3874 1832 3926 Versus
1842 3879 2014 3941 apponimus:

729 3981 766 4042 εἰς
785 3979 885 4046 Βιρόης
904 3979 986 4032 ὠδῖνα
1004 3983 1169 4048 μογοστόκος
1187 3981 1287 4048 ήλυθεν
1305 3983 1400 4049 Ἐρμῆς

728 4071 775 4120 καί
794 4069 871 4134 Θέμις
890 4071 1028 4122 Εἰλείθυια
1046 4107 1053 4121 .
1073 4107 1080 4122 .
1100 4107 1107 4122 .

728 4160 775 4210 καί
792 4153 874 4210 ’τόκον
892 4161 1081 4227 αρτιλὸχευτον
1099 4162 1212 4213 datarus
1230 4162 1310 4228 θήλει
1327 4162 1420 4229 ιιόλιτφ

733 4249 830 4313 ἄρσενα
848 4255 928 4314 μαῖαν
946 4251 1045 4316 ίχουαα
1064 4253 1224 4303 δικασπόλον
1242 4255 1300 4304 uide
1318 4254 1411 4319 Μαίης.

305 4349 452 4400 Mercurius
470 4351 609 4418 Πολίιγιος,
629 4355 646 4403 i.
666 4370 690 4405 e.
709 4357 823 4406 sanitate
842 4357 955 4422 poliens,
974 4358 1045 4424 apud
1058 4361 1218 4424 Trozenios‚
1237 4362 1397 4427 ’Δκαιιήσιος
1414 4359 1485 4426 apud
1498 4360 1619 4411 Arcades
1633 4371 1659 4410 et
1672 4363 1849 4424 Tanagraeos
1862 4359 2015 4410 colebatur:

305 4439 468 4489 Bruchmann
489 4456 515 4505 p.
535 4457 560 4504 4.
580 4470 612 4478 —
633 4443 717 4494 Delus
736 4445 828 4508 insuia,
848 4460 906 4496 cum
925 4457 1055 4498 errantem
1076 4449 1205 4502 Letonem
1224 4449 1308 4500 adse
1327 4462 1461 4514 vocasset,
1484 4449 1651 4502 cantantibus
1680 4463 1706 4500 et
1725 4452 1820 4514 cygnis
1839 4461 1865 4500 et
1883 4450 2014 4516 Nymphis

304 4527 395 4592 deliis,
424 4529 545 4594 ilithylae
572 4547 641 4596 quae
668 4534 745 4584 adest
773 4537 799 4584 in
818 4537 915 4600 hymno
961 4535 1108 4588 Homerico
1133 4540 1143 4589 i
1165 4556 1191 4590 ιι
1198 4555 1212 4603 5
1233 4541 1294 4590 vice
1323 4539 1437 4603 fungitur
1466 4542 1492 4590 in
1518 4540 1673 4592 Callimachi
1697 4541 1813 4590 carmine
1837 4541 1873 4592 tv
1893 4555 1943 4606 ³25
1972 4557 2013 4605 sq.

305 4617 417 4683 palmari
440 4621 593 4670 coniectura
612 4637 628 4670 a
647 4622 854 4675 Wiiarnovitzio
874 4637 1012 4678 corrector

732 4734 799 4799 ίστίη
818 4728 839 4784 ὦ
858 4735 943 4800 νήσων
961 4737 1068 4799 εὐίατα,
1086 4741 1163 4803 χαίρτ
1180 4737 1227 4802 μίν
1246 4737 1321 4804 αὐτή,

727 4823 817 4888 χαίροι
835 4821 857 4874 δ’
876 4821 1011 4875 Ἀπόλλων
1030 4839 1059 4875 τε
1077 4829 1124 4876 καί
1142 4823 1174 4892 ήν
1192 4825 1340 4892 ίλοχείιααο
1358 4825 1445 4893 Λητώ.

303 4923 388 4974 Aliter
407 4925 593 4991 Apollodorus
613 4927 622 4976 i
643 4943 690 4991 41:
710 4965 716 4978 .
737 4965 744 4978 .
763 4931 800 4992 εἰς
819 4930 902 4996 Δῆλον
925 4930 1043 4982 ἐλθοῦσα
1066 4937 1145 4999 γεννᾷ
1167 4937 1270 4998 πρῶτον
1292 4932 1423 4999 Ἄρτεμιν,
1447 4935 1490 5000 ὑφ’
1507 4929 1539 5002 ής
1562 4935 1709 5000 μαιωθεῖσα
1732 4934 1839 5000 ὕστερον
1859 4936 2014 4988 Ἀπόλλωνα

303 5013 446 5083 εγίννησιν.
466 5043 499 5052 -
519 5015 647 5067 Pindarus
666 5018 753 5068 istbm.
773 5018 821 5069 Vii
840 5033 855 5082 5
875 5017 997 5070 Thebam
1016 5021 1080 5072 dicit
1100 5023 1235 5074 ἀνατεῖλαι
1254 5024 1383 5087 Διόνυσον,
1403 5024 1476 5090 quod
1496 5025 1520 5074 b.
1540 5024 1556 5074 i.
1576 5033 1616 5074 est
1635 5038 1805 5090 procreasse.

463 5104 484 5170 ¹)
502 5105 543 5156 Ex
562 5105 714 5158 'Hesi0d0':
733 5107 918 5174 Wilamowita,
937 5109 1009 5174 lsyll.
1029 5126 1056 5176 p.
1078 5125 1112 5174 70
1129 5128 1190 5178 sqq.

464 5189 486 5260 Β)
506 5195 606 5260 Ussing
626 5196 730 5248 Plautus
749 5197 761 5247 1
779 5213 806 5264 p.
827 5201 877 5249 228
897 5213 967 5264 sqq,
986 5199 1151 5266 Eugeimann
1169 5201 1186 5254 i.
1205 5203 1232 5266 l.‚
1251 5203 1428 5254 Wiiamovvltz
1446 5203 1537 5268 Eurip.
1556 5201 1690 5254 Herakles
1710 5204 1732 5254 ii
1751 5220 1778 5271 p.
1800 5219 1859 5270 ²42·

462 5279 485 5350 ι)
505 5285 632 5338 Deiuisse
650 5287 703 5340 tale
722 5287 785 5362 quid
805 5289 831 5342 in
849 5288 985 5355 Euripidis
1004 5291 1149 5344 Alcumena
1168 5291 1363 5357 engeirrannus
1382 5292 1579 5364 comprobavit.
