4780 6044
1056 339 1268 438 „Q

309 556 365 638 rhu
389 549 442 617 Ἰὼ
466 550 544 618 Ἶσιν
567 553 680 638 ὁμοίως
707 555 972 640 προσηγόρευσαν.
1026 552 1170 641 Ἔπαφος
1200 557 1233 622 δὲ
1264 557 1435 643 βασιλεύων
1486 558 2017 646 Faba49:Juppiterlipaphum,

309 675 488 763 Αἰγυπτίων
510 689 604 763 γαμεῖ
625 676 748 765 Μέμφιν
771 683 827 764 τὴν
851 677 964 745 Νείλου
987 679 1158 768 θυγατέρα,
1174 685 1227 748 καί
1243 684 1305 746 ἀπὸ
1321 683 1434 768 ταύτης
1485 685 1587 748 ‘luem
1612 687 1658 730 ex
1689 667 1731 752 λθ
1761 683 2017 749 Ρῐθῦῑθέῑνθῐέῑῒ,

308 803 405 882 κτίζει
427 801 550 890 Μέμφιν
577 805 677 887 πόλιν,
709 807 764 869 καί
793 816 898 870 τεκνοῖ
926 806 1087 892 θυγατέρα
1118 805 1245 894 Λιβύην,
1278 803 1332 892 ἀφ’
1354 807 1391 893 ἧς
1414 810 1445 894 ἡΔ
1485 771 1657 858 AngPtO
1668 774 1800 857 Oppida
1812 775 2019 838 communire

311 927 401 1014 χῶροι
423 927 521 1014 Λιβύη
546 929 681 1014 ἐκλήθη.
727 927 841 1016 Λιβύης
865 929 900 994 δὲ
921 933 975 995 καί
991 931 1183 1009 Ποσειδῶνος
1207 933 1340 1017 γίνονται
1364 941 1432 998 παῖ·
1483 879 1600 1000 stiique
1617 902 1763 1001 regnare
1779 881 1885 945 iussit.
1910 882 1942 1002 Ii
1958 903 2019 965 op·

1483 988 1602 1070 pidum
1631 1009 1762 1071 primus
1786 989 1961 1072 Memphin
1985 1005 2019 1052 et

309 1053 359 1134 δες
382 1053 500 1139 δίδυμοι
523 1047 667 1141 Ἄγθνωρ
690 1057 743 1120 καὶ
766 1054 869 1140 Βῆλος
892 1051 970 1120 '‘³²’'
1455 1097 1458 1178 l
1483 1093 1549 1157 alia
1573 1091 1673 1177 plura
1707 1095 1881 1159 constituit
1914 1112 1947 1159 et
1973 1117 2019 1160 ex

1483 1201 1654 1284 Cassiopa
1683 1221 1794 1265 uxore
1823 1203 2020 1286 procreavit

1481 1306 1584 1372 filiam
1591 1307 1736 1392 Libyen,
1748 1330 1769 1372 a
1780 1330 1848 1392 qua
1862 1325 1953 1373 terra
1968 1327 2018 1378 est

1482 1414 1671 1504 appellata.
1716 1415 1801 1479 Fab.
1832 1436 1891 1501 157
1917 1438 1951 1500 p.
1981 1438 2017 1500 13

1482 1521 1614 1588 Schm.:
1639 1521 1785 1608 Agenor
1803 1537 1837 1587 et
1853 1520 1956 1587 Belus
1973 1545 2019 1586 ex

1421 1619 1424 1625 ·
1451 1597 1454 1718 l
1482 1629 1597 1720 Libya
1622 1630 1770 1713 Epaphi.

310 1752 420 1816 Unam
445 1751 476 1814 in
501 1767 597 1815 tanto
620 1771 787 1815 consensu
812 1751 1018 1821 discordiam
1043 1774 1135 1834 quae
1159 1754 1203 1816 de
1227 1773 1339 1817 uxore
1363 1769 1414 1818 est
1438 1754 1513 1819 sive
1534 1754 1703 1838 Cassiopa
1727 1755 1801 1819 sive
1824 1755 2022 1838 Memphide

310 1878 476 1942 suadente
499 1876 621 1940 horum
645 1877 983 1962 mytbographorum
1016 1879 1148 1942 ratione
1179 1894 1213 1941 et
1244 1895 1365 1942 natura
1392 1881 1439 1943 ita
1467 1880 1692 1964 explicamus,
1722 1897 1759 1944 ut
1782 1881 1814 1944 in
1838 1881 1931 1944 fonte
1954 1879 2020 1945 illis

310 2003 479 2067 communi
504 2003 574 2066 duo
598 2001 656 2066 illa
681 2003 818 2066 nomina
847 2003 992 2068 diversis
1023 2025 1069 2067 ex
1097 2004 1297 2068 auctoribus
1325 2006 1501 2088 adscripta
1525 2005 1739 2083 arbitremur,
1765 2005 1855 2070 unde
1878 2005 2021 2069 alteram

310 2128 511 2193 varietatem
547 2127 635 2192 alter
669 2128 891 2211 decerpserit.
950 2129 1055 2208 Quod
1094 2127 1204 2194 solam
1240 2129 1413 2212 Memphin
1454 2131 1574 2194 urbem
1609 2130 1794 2214 Epaphum
1829 2129 2023 2194 condidisse

309 2252 551 2337 Apollodorus
568 2253 718 2330 tradidit,
736 2252 943 2337 compilandi
960 2252 1200 2339 neglegentiae
1217 2255 1445 2333 tribuerimus,
1462 2256 1664 2338 praesertim
1681 2277 1757 2318 cum
1775 2255 1939 2319 Pindarus
1957 2275 2022 2318 non

311 2381 416 2444 modo
447 2379 596 2463 Libyam
627 2377 780 2465 Ἐπάφοιο
811 2380 908 2467 κύραν
938 2379 1054 2464 (Pyth.
1079 2381 1126 2444 IV
1151 2377 1217 2462 25),
1249 2401 1368 2442 verum
1402 2380 1498 2442 Nem.
1522 2379 1559 2443 X
1589 2401 1861 2444 commemorans
1884 2379 2021 2462 Epaphi

311 2505 464 2570 colonias
497 2526 559 2589 per
590 2503 799 2588 Aegyptum
831 2505 999 2569 deductas
1031 2521 1064 2569 et
1094 2505 1224 2568 facinus
1253 2503 1527 2588 Hypermestrae
1551 2505 1694 2590 Hygino
1724 2525 1787 2568 sua
1818 2504 2022 2568 auctoritate

309 2647 485 2696 succurrat
517 2652 550 2695 v.
577 2649 594 2715 7
627 2651 704 2714 sqq.
751 2632 855 2696 πολλὰ
887 2627 915 2696 δ’
948 2629 1097 2717 Αἰγύπτῳ
1127 2630 1328 2716 κατῴκισθεν
1367 2634 1447 2716 ἄστη
1480 2639 1546 2709 ταῖς
1571 2627 1713 2717 Ἐπάφου
1744 2630 1910 2716 παλάμαις.
1958 2625 2024 2694 οὐδ’

310 2755 525 2844 Ὑπερμήστρα
551 2757 797 2843 παρεπλάγχθη,
821 2755 1001 2842 μονύψοιφος
1028 2758 1060 2822 ἐν
1084 2757 1206 2842 κουλεῷ
1234 2761 1430 2842 κατασχοῖσα
1458 2757 1553 2842 ξίφος.
1601 2753 1811 2840 Apollodori
1836 2771 1869 2818 et
1893 2755 2023 2840 Hygini

311 2883 342 2946 in
371 2881 579 2968 genealogia
612 2881 796 2946 concordia
826 2902 870 2944 eo
901 2881 1009 2965 pluris
1039 2881 1194 2945 lacienda
1226 2894 1288 2958 est,
1322 2882 1416 2963 quod
1448 2882 1492 2944 de
1521 2881 1687 2966 Agenore
1720 2896 1754 2944 et
1782 2878 1866 2944 Belo
1889 2881 2024 2964 Libyae

312 3007 387 3101 filiis
412 3023 486 3070 erat
510 3007 568 3091 qui
593 3007 762 3070 contraria
786 3007 969 3090 proferret.
1024 3007 1081 3070 Ex
1110 3007 1205 3071 cuius
1238 3008 1406 3071 sententia
1435 3006 1574 3071 scholiis
1603 3007 1797 3090 Euripideis
1826 3006 1870 3072 ad
1894 3005 2022 3070 Phoen.

312 3136 376 3218 678
401 3148 434 3197 et
459 3133 567 3198 Nonni
592 3132 810 3216 Dionysiacis
833 3133 875 3195 Ill
905 3134 1081 3216 258-319
1110 3148 1249 3197 servata
1278 3131 1425 3217 Agenor
1449 3132 1521 3195 Beli
1553 3153 1619 3196 non
1647 3131 1817 3217 gemellus
1845 3132 1908 3196 sed
1935 3129 2024 3195 filius

313 3257 570 3343 perhibebatur,
595 3259 732 3341 Libyae
756 3229 876 3342 nepos.

473 3383 731 3469 Apollodorum
755 3385 784 3446 ll
811 3405 863 3468 r,4
887 3405 963 3448 cum
988 3385 1119 3470 Hygini
1141 3384 1226 3448 Fab.
1255 3385 1316 3447 168
1341 3405 1375 3467 p.
1401 3404 1439 3466 31
1463 3383 1579 3448 Schm.
1605 3404 1814 3468 componere
1837 3383 2024 3470 pergimus,

312 3529 350 3578 ut
373 3512 522 3598 genuina
547 3510 696 3575 narratio
721 3531 767 3573 ex
791 3510 967 3594 excerptis
990 3505 1238 3594 restituatur:¹)

403 3639 507 3725 Βῆλος
530 3639 564 3703 δὲ
587 3637 752 3722 ὑπομείνας
775 3633 980 3721 ἐνΑἰγύπτῳ
1006 3634 1161 3721 βασιλεύει
1185 3638 1239 3722 μὲν
1266 3633 1437 3720 Αἰγύπτου,
1700 3707 1706 3721 ,
1756 3707 1762 3720 ,
1950 3707 1956 3721 ⁸

312 3777 407 3852 γαμεῖ
420 3766 455 3830 δὲ
470 3761 636 3850 Ἀγχινύην
652 3764 708 3846 τὴν
731 3759 845 3828 Νείλου
862 3761 1032 3846 θυγατέρα,
1049 3765 1102 3826 καί
1119 3764 1203 3847 αύτῷ
1219 3759 1353 3846 γίνονται
1369 3771 1438 3827 παῖ·
1489 3705 1859 3773 DauausBehfflmsex
1867 3706 2026 3792 plumbus

313 3894 363 3970 δες
386 3891 515 3977 δίδυμοι,
539 3886 696 3974 Αἴγυπτος
719 3891 772 3952 καί
796 3887 979 3964 Δαναός...
1010 3887 1131 3953 Δαναὸν
1163 3889 1218 3973 μὲν
1250 3884 1304 3952 ούν
1334 3886 1439 3970 Βῆλος
1489 3887 1694 3972 coniugibus
1719 3885 1968 3971 quinquaginta
1991 3886 2026 3948 fi-

314 4019 346 4086 ἐν
369 4017 467 4104 Λιβύη
490 4013 675 4100 κατῴκισεν,
699 4014 857 4099 Αἴγυπτον
879 4015 913 4079 δὲ
936 4015 969 4078 ἐν
984 4010 1126 4099 Ἀραβίᾳ,
1150 4014 1184 4090 ὃς
1198 4016 1251 4077 καί
1268 4033 1438 4098 καταστρε-
1488 4011 1552 4076 lias
1610 4011 1748 4089 habuit,
1813 4010 2027 4093 totidemque

314 4144 450 4230 ψάμενος
471 4147 527 4228 τὴν
550 4141 768 4227 Μελαμπύδων
791 4139 897 4226 χώραν
921 4140 1081 4225 ύνύμασεν
1104 4136 1270 4223 Αἴγυπτον.
1303 4137 1438 4221 γίνονται
1488 4137 1578 4202 filios
1602 4137 1707 4200 frater
1735 4135 1937 4222 Aegyptus,
1968 4135 2026 4216 qui

314 4272 348 4336 δὲ
371 4271 409 4334 ἐκ
430 4269 557 4334 πολλῶν
580 4277 736 4353 γυναικῶν
754 4263 907 4352 Αἰγύπτῳ
924 4268 979 4350 μὲν
994 4267 1101 4343 παῖδες
1116 4265 1319 4349 πεντήκοντα,
1336 4265 1437 4348 θυγα-
1489 4264 1647 4327 Danaum
1672 4262 1810 4326 fratrem
1836 4260 2028 4324 interficere

313 4397 400 4482 τίρες
427 4396 462 4460 δὲ
490 4394 601 4479 Δαναῷ
637 4393 839 4478 πεντήκοντα.
894 4391 1128 4456 στασιασάντων
1163 4391 1197 4454 δὲ
1232 4391 1334 4454 αὐτῶν
1368 4391 1438 4475 περί
1489 4386 1609 4465 voluit,
1626 4403 1662 4450 ut
1683 4408 1825 4472 regnum
1848 4401 2026 4469 paternum

314 4533 368 4606 τῆς
391 4523 491 4607 ἀρχῆς
514 4523 650 4605 ὕστερον,
682 4517 802 4594 Δαναὸς
836 4520 907 4595 τοὺς
942 4516 1100 4600 Αἰγύπτου
1135 4517 1245 4591 παῖδας
1280 4513 1437 4594 δεδοικώς,
1489 4512 1584 4577 solus
1599 4512 1781 4588 obtineret,
1800 4527 1834 4574 et
1850 4509 1937 4574 filias
1956 4510 2028 4574 eius

315 4645 512 4732 ὑποθεμένης
534 4641 676 4729 Ἀθηνᾶς
699 4644 782 4728 αὐτῷ
807 4651 881 4707 ναῦν
909 4640 1123 4705 κατεσκεύασε
1150 4649 1272 4724 πρῶτος
1301 4641 1355 4702 καί
1383 4639 1438 4716 τὰς
1488 4637 1565 4701 filiis
1590 4657 1720 4700 uxores
1736 4657 1757 4699 a
1773 4636 1880 4699 fratre
1898 4655 2028 4719 popos-

316 4771 493 4858 θυγατέρας
516 4769 682 4855 ἐνθέμενος
706 4767 828 4853 ἔφυγεν.
875 4768 1043 4852 προσσχὼν
1067 4763 1101 4830 δὲ
1124 4761 1222 4849 Ῥόδῳ
1246 4767 1282 4828 τὸ
1298 4775 1352 4848 της
1367 4762 1437 4827 Λιν-
1488 4763 1543 4825 cit.
1569 4763 1710 4825 Danaus
1734 4783 1771 4824 re
1807 4760 1946 4845 cognita
1970 4759 2028 4822 Mi-

315 4899 381 4976 δίοις
411 4895 539 4983 ἄγαλμα
562 4892 702 4981 Ἀθηνᾶς
727 4894 885 4980 ἱδρύσατο·
921 4894 1068 4958 ἐντεῦθεν
1097 4893 1132 4956 δὲ
1154 4891 1230 4976 ηκεν
1249 4891 1291 4968 εἰς
1321 4885 1437 4974 Ἀργος
1460 4921 1462 4961 γ
1489 4907 1594 4951 πειτα
1628 4886 1795 4950 adiutrice
1831 4907 1878 4949 ex
1909 4884 2028 4948 Africa

315 5025 369 5087 καί
391 5026 448 5107 τὴν
464 5021 621 5107 βασιλείαν
637 5023 722 5106 αύτῷ
739 5019 930 5104 παραδίδωσι
947 5017 1092 5102 Γελάνωρ
1117 5017 1134 5081 ὁ
1160 5017 1231 5081 τότε
1255 5013 1437 5100 βασιλεύων.
1460 4974 1463 5060 l
1489 5011 1609 5097 Argos
1634 5011 1800 5096 profugit.
1837 5011 1936 5074 Tunc
1961 5009 2029 5092 pri-

478 5214 497 5282 ¹)
518 5217 675 5267 Omittemus
695 5215 844 5265 Danaidum
863 5224 889 5264 et
908 5214 1104 5278 Aegyptlorurn
1124 5211 1256 5262 indiculos
1275 5209 1346 5278 apud
1367 5209 1562 5277 Apollodorum
1583 5211 1603 5260 ll
1627 5223 1665 5274 1,5
1687 5219 1712 5260 et
1732 5210 1865 5274 Hyginum
1886 5206 1952 5256 Feb.
1971 5221 2028 5270 170,

317 5307 362 5375 qui
382 5309 477 5372 partim
497 5317 645 5371 congruunt
664 5307 759 5370 partim
779 5304 925 5354 discedunt.
