4780 6044
1149 293 1360 396 „19-

405 511 548 578 alteram
573 512 711 577 docebit
736 528 858 596 quater
880 534 915 597 p.
940 511 1169 590 h.h0r.1X‚;
1196 511 1229 598 2)
1253 509 1521 598 geometriam
1545 508 1792 594 analyticam
1816 507 1927 594 plani
1955 523 2109 592 exponet

405 653 528 721 quater
551 661 575 723 p
598 638 630 702 h.
656 638 729 702 hor.
754 638 800 702 X.

1013 783 1077 846 Da.
1102 782 1146 846 Ο.
1170 779 1333 858 SEECK‚
1359 801 1386 844 Ρ.
1411 801 1439 842 Ρ.
1466 800 1496 843 o.

563 924 754 1010 llPublice
787 927 819 989 in
851 926 1069 990 seminario
1102 925 1301 990 historico
1332 924 1623 1007 inscriptiones
1654 923 1804 989 latinas
1834 923 2110 1008 interpretandas

404 1067 577 1135 proponet
600 1051 656 1115 die
673 1051 756 1115 Lun.
779 1050 853 1115 hor.
875 1052 923 1116 VI
939 1067 974 1116 et
991 1051 1062 1115 VH.
1087 1087 1130 1096 —
1154 1047 1196 1132 ΙΙ)
1220 1049 1380 1114 Privatim
1410 1048 1441 1133 1)
1464 1049 1517 1113 De
1541 1048 1722 1113 sontibus
1746 1048 1944 1112 historiae
1968 1050 2109 1113 Roma·

404 1198 476 1241 nae
499 1176 687 1261 disputabit
712 1177 768 1241 die
791 1178 890 1240 Mart.
915 1177 986 1242 lov.
1005 1177 1089 1240 Ven.
1107 1175 1180 1239 hor.
1197 1176 1270 1250 IV.;
1297 1174 1329 1259 Ρ)
1354 1175 1579 1240 Historiam
1604 1175 1818 1238 Romanam
1844 1174 1880 1238 in
1904 1174 2109 1257 epitomen

404 1303 610 1368 redactam
635 1303 806 1368 enarrabit
830 1302 885 1366 die
908 1303 1012 1365 Merc.
1038 1317 1072 1364 et
1094 1300 1166 1365 Sat.
1191 1300 1264 1364 hor.
1288 1300 1361 1364 XII.

1008 1498 1072 1560 De.
1097 1498 1136 1560 E.
1161 1495 1334 1574 MAASS‚
1359 1518 1387 1560 Ρ.
1413 1517 1440 1560 Ρ.
1466 1517 1497 1559 ο.

563 1640 590 1727 Ι)
613 1640 756 1705 Publice
783 1640 815 1725 ι)
831 1641 863 1704 in
879 1640 1094 1705 seminario
1118 1639 1378 1726 philologico
1396 1639 1635 1706 Callimachi
1658 1640 1696 1704 in
1713 1638 1905 1703 Cererem
1922 1639 2109 1724 hymnum

405 1768 700 1852 interpretandum
732 1780 904 1850 proponet
927 1766 1020 1830 horis
1044 1766 1228 1842 consuetis;
1263 1763 1296 1850 a)
1320 1765 1377 1829 De
1401 1764 1621 1850 Olympiae
1652 1764 1775 1830 rebus
1798 1764 1905 1830 semel
1929 1787 1963 1850 p.
1988 1765 2019 1831 h.
2044 1765 2110 1832 dis·

404 1893 549 1976 putabit.
574 1891 616 1976 ΙΙ)
631 1891 792 1956 Privatim
808 1891 857 1955 de
873 1891 1097 1958 studiorum
1123 1891 1158 1956 in
1184 1905 1377 1956 oratores
1400 1890 1568 1956 Atticos
1591 1891 1928 1955 conferendorum
1953 1889 2111 1956 ratione

405 2039 449 2082 ac
472 2018 537 2082 via
561 2017 716 2095 disseret,
742 2016 866 2080 deinde
888 2016 1173 2081 Demosthenis
1200 2017 1251 2080 de
1277 2037 1426 2082 corona
1451 2017 1676 2081 orationem
1695 2015 1885 2100 explicabit
1910 2017 2001 2080 dieb.
2025 2016 2109 2080 Lun.

404 2144 504 2208 Mart.
528 2144 601 2208 Iov.
625 2144 710 2209 Ven.
734 2142 807 2206 hor.
832 2142 894 2206 IX.

999 2323 1063 2386 Da.
1088 2323 1110 2385 Ι.
1136 2323 1343 2400 REHMKE,
1369 2344 1396 2386 Ρ.
1422 2344 1449 2386 Ρ.
1475 2345 1505 2386 ο.

565 2464 592 2549 Ι)
614 2465 755 2531 Publice
778 2465 1081 2551 philosophiam
1105 2466 1231 2530 nostri
1255 2466 1346 2533 aevi
1370 2466 1520 2532 narrabit
1542 2466 1634 2532 dieb.
1659 2467 1758 2531 Mart.
1784 2481 1818 2530 et
1842 2467 1929 2530 Ven.
1954 2465 2028 2529 hor.
2052 2467 2109 2530 Vl.

407 2627 448 2637 ——
464 2589 505 2674 ΙΙ)
521 2591 681 2657 Privatim
705 2591 883 2675 logicam
908 2591 1047 2656 docebit
1064 2592 1154 2655 dieb.
1172 2591 1256 2656 Lun.
1273 2594 1373 2657 Mart.
1389 2595 1460 2659 Iov.
1477 2595 1562 2658 Ven.
1575 2594 1649 2656 hor.
1663 2593 1710 2656 X.
1734 2629 1778 2640 —-
1801 2591 1857 2676 ΙΙΙ)
1881 2593 2111 2658 Privatissime

407 2717 734 2782 exercitationes
758 2718 808 2780 ad
832 2716 1153 2802 psychologiam
1179 2717 1428 2800 pertinentes
1452 2718 1688 2783 moderabitur
1711 2719 1784 2783 hor.
1810 2718 1877 2782 des.

950 2913 1010 2976 Dr.
1034 2913 1073 2976 E.
1100 2912 1348 2993 BERNHEIM,
1373 2936 1400 2978 Ρ.
1425 2935 1453 2977 Ρ.
1479 2935 1510 2978 ο.

568 3054 595 3140 Ι)
618 3054 760 3121 Publice
784 3056 821 3120 in
843 3056 1024 3121 seminario
1048 3055 1211 3121 historico
1235 3079 1315 3122 rem
1340 3056 1643 3142 diplomaticam
1672 3058 1832 3122 tractabit
1856 3056 1912 3121 die
1935 3057 2007 3122 Sat.
2033 3057 2107 3122 hor.

407 3179 493 3246 VlIl.
517 3217 561 3226 —
585 3178 626 3265 ΙΙ)
650 3181 811 3248 Privatim
835 3181 1021 3265 potiores
1045 3203 1149 3266 quae
1180 3183 1346 3248 formam
1377 3184 1586 3248 civitatum
1622 3182 1933 3248 mediaevalium
1963 3183 2112 3247 consti·

406 3321 506 3371 ruunt
530 3305 629 3393 leges
650 3305 833 3373 illustrabit
857 3325 909 3373 ter
932 3330 967 3395 p.
990 3309 1023 3374 h.
1048 3310 1122 3374 hor.
1147 3310 1233 3376 Vlll.

997 3506 1061 3570 Da.
1087 3505 1127 3570 E.
1152 3503 1354 3582 STRUCK,
1379 3525 1406 3568 Ρ.
1431 3526 1460 3569 Ρ.
1486 3525 1516 3568 0.

565 3644 593 3731 Ι)
616 3645 757 3713 Publice
779 3648 829 3712 de
851 3646 1052 3714 vehiculis
1076 3663 1114 3713 et
1138 3648 1362 3732 praecipue
1387 3649 1435 3711 de
1458 3647 1535 3712 viis
1558 3647 1723 3712 serratis
1747 3647 1892 3712 disseret
1916 3647 1972 3712 die
2004 3649 2109 3714 Merc.

407 3773 481 3836 hor.
507 3772 564 3838 tv.
589 3807 632 3820 -
656 3771 698 3856 ΙΙ)
726 3772 887 3838 Privatim
921 3774 971 3839 de
1005 3773 1206 3838 reditibus
1242 3790 1276 3838 et
1309 3773 1504 3856 expensis
1536 3773 1594 3835 rei
1626 3772 1815 3855 publicae
1849 3773 1993 3838 disseret
2018 3772 2110 3838 dieb.

406 3897 490 3963 Lun.
515 3898 614 3962 Mart.
642 3899 713 3965 Iov.
745 3899 830 3964 Ven.
855 3899 929 3967 hor.
957 3899 1003 3963 X.
1027 3935 1071 3948 -
1105 3898 1161 3983 ΙΙΙ)
1196 3897 1428 3963 Privatissime
1462 3898 1525 3962 sed
1560 3897 1668 3982 gratis
1703 3897 2026 3962 exercitationes
2060 3898 2112 3962 ad

410 4022 702 4089 oeconomicen
725 4023 971 4089 nationalem
994 4040 1233 4109 spectantes
1257 4022 1493 4122 moderabitur
1515 4021 1621 4087 semel
1646 4043 1680 4106 p.
1705 4022 1737 4087 h.
1762 4023 1836 4087 hor.
1860 4023 1928 4088 dei.

1026 4222 1091 4285 Da.
1116 4221 1154 4284 F.
1178 4219 1329 4297 MARX,
1355 4241 1382 4284 Ρ.
1408 4241 1436 4284 Ρ.
1462 4241 1492 4282 ο.

568 4361 596 4447 Ι)
619 4363 759 4428 Publice
782 4364 814 4428 in
845 4363 1025 4430 seminario
1056 4361 1270 4450 philologico
1306 4363 1519 4447 scriptoris
1552 4365 1602 4428 ad
1635 4364 1880 4428 Herennium
1914 4361 2060 4428 librum
2084 4365 2112 4428 ΙΙ

406 4504 532 4575 perget
567 4504 724 4553 tractare.
749 4525 792 4535 -
815 4488 857 4575 ΙΙ)
893 4489 1054 4554 Privatim
1089 4488 1220 4555 Plauti
1256 4489 1481 4554 Rudentem
1507 4488 1687 4554 fabulam
1718 4490 1996 4575 interpretabitur
2019 4489 2111 4554 dieb.

407 4613 492 4680 Lun.
516 4615 616 4680 Mart.
640 4616 710 4681 Iov.
735 4616 821 4681 Ven.
844 4615 918 4681 hor.
943 4615 989 4680 X.

748 4809 784 4898 2)
807 4808 1129 4879 PROFESSORUH
1151 4808 1665 4918 Exvnloltnlrtlltlolwtt.

1001 4975 1065 5038 De.
1089 4975 1135 5040 M.
1160 4971 1353 5050 SCHOLZ‚
1379 4994 1406 5037 Ρ.
1432 4994 1459 5036 Ρ.
1485 4995 1514 5036 u.

566 5116 596 5202 Ι)
618 5116 758 5183 Publice
782 5116 983 5184 elementa
1006 5113 1229 5203 geologiae
1252 5118 1439 5202 praecipue
1461 5116 1744 5202 geographiae
1772 5117 1949 5184 studiosos
1973 5116 2113 5182 docebit

405 5241 512 5320 semel
546 5265 581 5342 p.
617 5243 649 5308 h.
686 5243 760 5308 hor.
803 5243 1002 5322 definienda.
1036 5279 1080 5288 —
1114 5240 1158 5340 ΙΙ)
1189 5242 1350 5310 Privatim
1396 5241 1428 5326 1)
1468 5239 1705 5333 geologiam
1743 5243 1855 5316 tradet
1887 5243 1977 5308 dieb.
2011 5243 2111 5320 Mart,
