4780 6044
1068 274 1156 338 XXl

577 491 736 577 ἁπτορόνα
758 493 793 558 δὲ
815 494 895 576 γυνὰ
917 487 1136 575 (Alcumena)
1159 492 1300 576 κεφαλᾶς
1324 489 1489 575 μυθήσατο
1513 485 1643 554 παίδων·

579 614 697 684 ‘aaut'
718 618 781 704 ἐμόι
803 617 920 705 βρόφεα
940 618 1092 703 γλυκερόν
1115 619 1169 682 καί
1192 615 1354 702 ἐγόρσιμον
1377 617 1486 681 ὕπνον·

577 739 681 810 εὓδετ’
703 743 764 829 epa
787 743 884 829 ψυχά,
907 738 959 808 δύ’
981 739 1133 828 ἀδελφαί),
1158 745 1254 808 εῠσοα
1276 741 1385 808 τέκνα·

577 868 675 955 ὄλβιοι
698 867 884 953 εὐνάζοισθο
907 867 960 934 καί
983 869 1080 956 ὄλβιοι
1103 869 1152 934 ἀῶ
1174 863 1290 936 ίδοιτε’.

980 1039 983 1046 ’
1085 1011 1136 1074 III.

417 1135 622 1221 ‘Epaphum’
644 1137 739 1221 Apin
762 1136 981 1223 Aegyptium
1004 1137 1199 1221 depravato
1225 1137 1359 1202 nornine
1383 1135 1471 1200 male
1493 1135 1548 1202 vel
1565 1135 1787 1200 Buttmannus
1802 1133 1964 1218 (Mythol.

254 1263 283 1326 ll
307 1284 341 1346 p.
369 1261 445 1348 182)
470 1279 662 1348 propterea
681 1277 871 1341 censuerat,
897 1264 992 1347 quod
1016 1262 1144 1328 nullum
1168 1278 1268 1330 extra
1292 1263 1498 1348 Aegyptum
1523 1259 1707 1347 vestigium
1731 1259 1911 1344 reliquisse
1933 1260 1965 1324 in

253 1401 350 1452 tauta
382 1388 652 1453 testimoniorum
677 1389 778 1472 copia
802 1386 860 1452 ille
892 1387 1077 1453 videretur.
1133 1389 1190 1453 Ex
1223 1389 1288 1453 hac
1321 1387 1505 1452 concordia
1537 1405 1624 1451 unus
1654 1403 1748 1451 certe
1775 1385 1872 1450 testis
1895 1385 1965 1450 exi·

254 1513 400 1578 mendus
424 1508 626 1600 ‘Aegimius'
657 1535 760 1599 quem
792 1513 936 1579 Hesiodi
968 1515 1089 1592 serunt,
1121 1514 1237 1597 quiet
1266 1515 1386 1601 Jonem
1410 1513 1653 1597 et'Epaphum
1677 1512 1857 1578 Euboeam
1880 1509 1965 1575 rele-

255 1633 396 1722 gavlt¹).
443 1637 684 1704 Adscribimus
707 1640 746 1704 sr.
771 1661 790 1724 3
820 1639 878 1704 Ra.
914 1661 934 1704 a
969 1639 1148 1723 Stephano
1182 1659 1209 1703 s.
1245 1661 1278 1704 v.
1313 1635 1455 1726 Ἀβαντίς
1485 1640 1731 1725 εοτνοτυπιιή
1761 1637 1889 1724 Eudora,
1924 1637 1966 1711 ὡς

258 1759 398 1844 Ἡσίοδος
421 1766 454 1830 ίν
477 1764 620 1853 Αἰγιμίου
644 1762 671 1852 β’
693 1769 763 1853 περί
785 1763 875 1846 Ἰοῦς“

1055 1891 1140 1980 νήσῳ
1164 1895 1196 1960 ἐν
1220 1889 1375 1979 'Attum
1398 1893 1450 1978 δίη

681 2021 739 2104 τὴν
761 2021 833 2104 πρίν
854 2015 1021 2105 Ἀβαντίδα
1043 2019 1216 2106 κίκλησκον
1240 2022 1310 2086 θεοί
1333 2019 1398 2086 αἰὲν
1422 2015 1533 2103 ίόνττς,

681 2144 736 2229 την
759 2140 828 2210 ποτ’
851 2141 1013 2230 ἐπώνυμον
1036 2143 1170 2230 Εῠβοιαν
1193 2125 1264 2231 βοός
1287 2147 1448 2232 ὠνόμασεν
1470 2140 1590 2227 Ζεόςί).

254 2269 425 2333 Versuum
449 2267 539 2333 male
562 2284 775 2334 tornatorum
800 2283 1040 2354 argumentum
1065 2269 1263 2335 Lobeckius
1293 2287 1327 2336 et
1358 2269 1545 2334 Meineltius
1576 2269 1753 2335 verissime
1777 2289 1965 2352 perspexe·
2041 2347 2044 2354 1

256 2412 343 2473 ωσι,
367 2396 429 2483 Jus
453 2395 606 2459 nimirum
629 2394 662 2460 in
686 2415 828 2461 vaccam
852 2395 1183 2460 transformationem
1207 2396 1238 2460 in
1262 2396 1499 2480 superioribus
1525 2395 1721 2480 expositam
1743 2390 1964 2478 censentes³).

255 2520 439 2588 Strabonis
474 2521 546 2607 (vel
581 2521 697 2605 potius
728 2519 955 2606 Apollodori)
988 2520 1119 2586 auxilio
1152 2523 1200 2587 uti
1232 2523 1501 2610 fragmentorum
1534 2523 1749 2588 conlectores
1772 2521 1964 2598 noluerunt,

253 2646 313 2731 qui
343 2647 381 2712 X
409 2668 444 2732 p.
468 2667 533 2731 445
569 2647 614 2711 de
631 2647 805 2712 'Euboeae
835 2642 970 2712 insulae
1001 2647 1134 2712 nomine
1158 2649 1204 2714 ita
1237 2649 1441 2732 disputavit:
1474 2653 1503 2715 οἳ
1533 2646 1561 2715 δ’
1586 2653 1649 2716 ἀπό
1670 2653 1774 2735 ἥρωος
1803 2645 1965 2731 (Abantis

252 2773 434 2838 Euboeam
459 2769 631 2837 ‘Abantia‘
655 2788 815 2838 vocatam
840 2793 916 2838 esse
947 2771 1087 2858 dicunt),
1120 2776 1275 2861 καθάπερ·
1302 2779 1356 2841 καί
1387 2773 1521 2862 Εὔβοιαν
1551 2777 1614 2842 ἀπό
1642 2775 1784 2861 ἠρωίνης.
1815 2773 1898 2860 τάχα
1927 2769 1965 2854 δ’,

254 2901 361 2986 ὥσπερ
384 2895 474 2979 Ἑοός
497 2896 588 2986 αὐλνῖ
612 2899 735 2985 λέγεταί
757 2923 787 2966 τι
809 2903 920 2986 ἄντρον
943 2901 976 2968 ἐν
1006 2909 1046 2984 τῇ
1077 2904 1153 2988 πρός
1184 2900 1311 2986 Αἰγαῖον
1342 2901 1534 2988 τετραμμένη
1556 2902 1705 2988 παραλίᾳ,
1735 2902 1813 2966 όπου
1832 2899 1889 2982 τὴν
1912 2895 1965 2963 Ἰὼ

254 3047 331 3112 φασι
352 3032 454 3091 τεκεῖν
476 3023 633 3111 Ἔπαφον,
656 3029 710 3091 καί
732 3027 754 3112 ἡ
776 3037 870 3111 νησος
892 3028 954 3092 ἀπό
977 3037 1032 3112 της
1054 3027 1150 3113 αὐτῆς
1173 3027 1271 3105 αἰτίας
1294 3025 1379 3113 (scil.
1404 3027 1499 3110 quod
1525 3042 1654 3092 mutata
1687 3025 1717 3089 in
1750 3045 1891 3090 vaccam
1922 3023 1965 3110 Jo

253 3149 438 3234 Epaphum
461 3150 508 3214 ibi
533 3151 634 3215 enixa
658 3150 764 3235 esset)
787 3153 861 3239 όσχε
883 3162 977 3218 τοῦτο
998 3147 1173 3238 τοόνομαί).
1230 3153 1286 3216 Ex
1320 3150 1503 3238 ‘Aegimio’
1531 3153 1638 3239 igitur
1665 3169 1743 3216 eum
1771 3149 1965 3234 veriloquio

252 3274 405 3340 fabulam
428 3276 617 3360 sumpsisse
632 3275 876 3362 geographum
894 3275 1138 3343 concludimus.
1173 3277 1321 3343 Accedit
1335 3278 1439 3344 aliud.
1474 3279 1642 3344 Euboeae
1661 3278 1749 3342 idem
1767 3276 1965 3361 Stephanus

252 3401 390 3488 Argum
413 3403 508 3490 Jonis
531 3401 724 3466 custodiam
747 3401 912 3488 egisses.
937 3423 970 3467 v.
994 3399 1158 3490 Ἀργουρα
1177 3404 1462 3470 commemoravit
1484 3407 1550 3471 ἔστι
1579 3407 1613 3470 δὲ
1640 3405 1694 3469 καί
1716 3404 1810 3482 τόνους
1830 3401 1966 3488 Εὐβοίας

252 3525 423 3616 Ἀργσυρα,
454 3531 533 3595 ὅπου
566 3530 655 3594 δοκεῖ
685 3532 740 3594 τόν
770 3529 938 3614 Πανόπτην
973 3529 1087 3615 Ἑρμῆς
1122 3531 1344 3617 πεφονευκέναι
1380 3546 1472 3596 recte
1507 3551 1527 3594 a
1557 3527 1754 3607 Loheckio‚
1789 3529 1846 3612 qui
1880 3528 1966 3591 haec

252 3654 395 3738 egregie
418 3653 629 3738 explanavit,
654 3653 810 3719 conlatus
834 3673 909 3718 cum
934 3654 1085 3740 Aegimii
1108 3655 1148 3721 fr.
1173 3675 1192 3739 5
1218 3673 1251 3721 et
1276 3659 1298 3721 6
1320 3657 1380 3722 Ra.
1405 3654 1462 3740 (=
1485 3653 1592 3722 schol.
1620 3655 1701 3718 Eur.
1726 3653 1851 3718 Phoen.
1882 3655 1965 3717 1116

253 3795 288 3844 et
310 3779 419 3846 schol.
443 3780 529 3846 Ven.
554 3782 580 3845 B
605 3782 649 3845 ad
674 3781 702 3848 Ω
726 3779 794 3864 24),
824 3781 882 3846 ubi
913 3795 946 3846 et
975 3781 1145 3848 immissus
1173 3803 1193 3846 a
1217 3783 1350 3870 Junone
1373 3782 1492 3868 Argus
1515 3781 1591 3869 Joni
1620 3795 1738 3845 custos
1767 3795 1800 3844 et
1824 3795 1965 3844 necatus

253 3928 274 3971 a
298 3905 468 3972 Mercurio
493 3905 584 3972 nulla
607 3905 674 3972 loci
699 3923 813 3972 tamen
838 3907 1008 3972 mentione
1034 3908 1125 3972 facta
1149 3907 1361 3992 perhibetur.
1409 3908 1568 3988 Quocum
1597 3907 1727 3990 optime
1750 3905 1839 3992 Argi
1863 3905 1965 3992 origo

253 4032 413 4118 congruit
436 4032 481 4096 ab
505 4031 657 4118 Aegimii
680 4047 787 4117 poeta
811 4033 961 4098 defensa.
1009 4032 1095 4097 Nam
1123 4053 1200 4098 cum
1225 4032 1382 4118 Cercops
1405 4054 1547 4117 quoque
1570 4031 1723 4098 Milesius
1748 4028 1966 4119 ‘Aegimium’

253 4158 400 4223 serretur
423 4159 667 4243 conscripsisse
698 4158 838 4245 (Athen.
862 4159 913 4224 Xl
942 4179 977 4242 p.
1007 4179 1071 4243 503
1100 4161 1132 4223 D
1154 4185 1198 4216 =
1220 4159 1260 4222 fr.
1286 4177 1303 4246 7
1329 4157 1414 4243 Ra),
1443 4159 1488 4224 ad
1518 4158 1607 4223 idem
1633 4179 1769 4222 carmen
1794 4158 1965 4242 respicere

252 4281 495 4366 Apollodorus
511 4286 538 4348 ΙΙ
566 4306 592 4362 1,
610 4306 641 4368 3,
658 4305 677 4368 3
696 4301 788 4349 recte
804 4284 987 4350 iudicatur:
1011 4283 1151 4373 Κέρκωψ
1173 4283 1293 4372 'Apron
1315 4289 1369 4352 καί
1392 4281 1536 4372 Ἰσμήνης
1558 4297 1613 4372 της
1635 4281 1783 4353 Ἀσωποῦ
1808 4286 1965 4372 θυγατρός

253 4406 351 4494 (λέγει
373 4407 491 4496 Ἀργον
520 4412 572 4477 τόν
595 4409 786 4497 Πανόπτην).
833 4409 950 4476 Multis
974 4410 1063 4474 enim
1086 4409 1232 4476 Euboea
1260 4409 1403 4476 vinculis
1433 4428 1470 4476 ut
1498 4391 1562 4495 par
1586 4426 1639 4476 est
1663 4431 1739 4474 cum
1764 4411 1907 4475 Boeotia
1931 4428 1965 4475 et

252 4533 385 4598 Thebis
406 4535 593 4619 antiquitus
616 4535 809 4619 copulatur.
856 4535 948 4616 Quid
981 4535 1113 4600 tamen?
1150 4535 1287 4624 Argiva
1320 4539 1362 4625 Jo
1386 4539 1551 4603 Euboeae
1584 4539 1629 4603 ab
1659 4538 1761 4624 Argo
1792 4537 1964 4602 custodita

255 4661 435 4745 quomodo
465 4662 498 4726 in
530 4661 618 4728 hanc
646 4659 789 4728 insulam
820 4683 866 4725 ex
896 4661 1008 4746 patria
1038 4663 1245 4746 pervenerit,
1275 4663 1537 4749 interrogamus.
1584 4664 1768 4730 Erroribus
1799 4663 1964 4748 agitatam

412 4877 433 4946 ¹)
452 4879 613 4930 Exlmendus
632 4891 774 4948 praeterea
799 4892 838 4930 est
857 4880 1007 4946 Stephanus
1027 4898 1048 4931 s.
1068 4897 1093 4931 v.
1113 4881 1349 4948 Πυγμαῖοι.88νος
1368 4881 1421 4932 ἀπό
1444 4881 1579 4948 Ilo-{palos
1599 4885 1644 4932 toll
1666 4881 1753 4945 Δώρου
1773 4884 1819 4933 τοῦ
1838 4882 1963 4946 Ἐπάφου.

412 4963 435 5035 ²)
454 4969 632 5034 Peppmuller‚
652 4969 719 5020 Mus.
739 4970 812 5020 rhen.
836 4973 902 5032 1885
923 4985 949 5034 p.
969 4971 1030 5020 626.

412 5053 434 5122 ί)
454 5056 610 5108 Lohecklus
628 5058 808 5124 Aglaophaml
828 5075 854 5124 p.
878 5073 940 5122 ¹¹3¹
963 5075 1023 5124 sqq.
1044 5061 1195 5111 Melneltlus
1214 5061 1248 5110 ad
1267 5060 1430 5125 Stephanum
1449 5077 1470 5111 s.
1491 5077 1517 5110 v.
1536 5060 1642 5124 Εὔβοια.

410 5143 435 5212 ⁴)
452 5147 538 5211 Etyn.
566 5147 656 5212 lhgu.
684 5163 707 5198 s.
726 5162 751 5200 v.
772 5147 869 5212 Εόβοτα
887 5183 894 5202 .
914 5185 921 5200 .
940 5149 981 5200 ότι
1009 5153 1042 5215 τῇ
1069 5147 1147 5202 'laet
1174 5147 1265 5218 (lmmo
1293 5147 1352 5218 Ἰοῖ)
1379 5152 1417 5212 κός
1445 5151 1505 5216 βοόν
1533 5149 1726 5218 μιταβληόκίση
1753 5152 1840 5202 latim
1863 5150 1964 5218 πολλός

255 5236 366 5301 βοτάνας
385 5237 402 5307 η
420 5241 455 5307 γη
474 5238 673 5307 ἀναβλάστησιν,
692 5238 710 5308 η
729 5238 769 5290 ότι
788 5241 816 5292 όν
835 5239 900 5306 αὐτῇ
919 5240 978 5304 βοός
996 5241 1124 5312 γτνομίνη
1143 5239 1273 5310 καλλίστη
1293 5240 1429 5306 όιότριψιν.
