4780 6044
1150 303 1359 406 ava„

404 533 510 584 catur.
572 518 658 582 Nam
681 517 730 582 ita
753 517 929 587 verissime
952 517 1150 603 suppletum
1174 519 1318 585 anobis
1343 519 1546 586 essefidem
1577 517 1668 582 idem
1698 517 1778 582 lacit
1805 515 2004 600 Hesychius
2026 537 2054 580 s.
2078 537 2111 580 v.

403 642 495 730 μαῖα]
546 642 577 727 1)
601 647 717 730 πατρὸς
739 647 794 710 καὶ
817 648 930 731 μητρὸς
954 646 1054 732 μήτηρ
1101 644 1135 731 2)
1159 649 1214 712 παὶ
1235 649 1347 734 τροφάς
1394 644 1429 730 3)
1453 650 1506 712 καὶ
1534 648 1603 732 περὶ
1632 649 1688 722 τάς
1718 644 1884 722 τικτούσας
1912 645 2015 728 ἰατρὸς
2048 639 2110 727 (ἡ)

402 772 455 833 καὶ
479 770 707 855 δμραλοτύμος,
730 769 766 853 4)
789 773 842 836 καὶ
870 771 1087 858 προσφώνησις
1109 776 1253 858 τιμητική
1277 775 1344 838 ἀντὶ
1366 783 1423 838 τοῦ
1446 769 1483 838 ’ὦ
1504 767 1622 858 τροφέ.
1661 769 1730 833 Pro
1746 766 1892 832 Nauckii
1916 766 2112 831 coniectura

401 897 422 979 ἢ
447 917 493 957 ex
516 898 569 960 καὶ
594 894 766 960 efficientis
791 893 985 980 (Aristoph.
1010 897 1091 982 Byz.
1117 919 1152 982 p.
1179 897 1255 982 158)
1280 913 1432 964 nostrum
1455 895 1732 982 supplementum
1758 914 1822 958 non
1850 893 1957 957 modo
1985 913 2006 956 a
2036 891 2111 956 sim-

402 1019 555 1102 plicitate
579 1022 844 1098 commendatur,
868 1023 931 1086 sed
963 1039 1132 1107 excerpto
1165 1024 1317 1106 quodam
1351 1044 1398 1086 ex
1430 1019 1695 1104 Aristophaneis
1726 1015 1854 1098 Λέξεσιν
1885 1015 2111 1080 Eustathiano

402 1142 468 1228 (IX
493 1163 527 1228 p.
557 1169 568 1208 1
575 1167 618 1229 39
641 1145 695 1230 N.)
720 1148 883 1212 asseritur
893 1145 932 1232 ¹):
956 1152 1025 1234 aspi
1049 1149 1083 1214 δέ
1105 1171 1143 1232 γε
1165 1145 1285 1234 ετήθης
1307 1152 1361 1214 καὶ
1385 1142 1530 1235 ’μάμμης
1558 1149 1611 1212 nul
1643 1149 1725 1212 ούτυ
1758 1144 1834 1230 φασί
1864 1159 1958 1220 τινες·
1990 1137 2112 1228 ‘tibur’

406 1273 435 1336 ol
457 1268 609 1358 Ἕλληνες
632 1276 687 1358 τὴν
710 1277 827 1361 πατρὸς
849 1277 870 1360 ή
894 1277 1007 1360 μητρὸς
1032 1274 1159 1360 μητέρα,
1183 1275 1211 1338 οἱ
1234 1275 1268 1340 δέ
1290 1274 1402 1340 πολλοὶ
1425 1273 1549 1360 ἀπύροις
1572 1266 1718 1360 ’μάρμηά
1740 1273 1794 1336 καί
1817 1263 1942 1355 ’μαῖαν”
1967 1262 2114 1354 “μάρμην’

402 1400 463 1484 γάρ
487 1395 623 1464 Ἀττικοὶ
647 1402 699 1464 καὶ
724 1393 903 1486 ‘pappelai’
925 1403 982 1484 τήν
1006 1400 1123 1486 μητέρα
1145 1400 1303 1483 καλοῦσιν,
1326 1403 1364 1486 ήν
1388 1401 1422 1464 δέ
1445 1400 1474 1464 οἱ
1496 1399 1608 1464 πολλοὶ
1632 1390 1754 1482 ’τήθηά
1775 1395 1902 1482 τηθίδα,
1935 1387 2047 1478 ‘putav’
2078 1393 2113 1456 δέ

349 1543 352 1550 ’
403 1524 443 1600 ὡς
474 1525 559 1610 ἡμεῖς
589 1528 646 1609 τήν
674 1525 734 1590 ύπὸ
758 1522 871 1592 Ἰώνων
895 1525 1125 1610 ὀμφαλητύμον.
1172 1523 1259 1588 111υά
1288 1524 1562 1589 animadvertere
1591 1521 1767 1586 Nauekius
1798 1517 1916 1597 noluit,
1947 1515 2112 1602 Hesychii

404 1647 582 1713 articulum
617 1670 663 1714 ex
693 1648 936 1732 Aristophanis
969 1650 1181 1734 grammatici
1204 1650 1463 1737 Προσρωνήσευν
1494 1647 1637 1734 sylloga
1668 1647 1820 1712 fluxisse.
1867 1645 1988 1727 ltaque
2020 1641 2112 1708 aliud
2198 1691 2201 1696 .

401 1773 572 1838 Eustathii
596 1776 825 1860 fragmentum
850 1774 1143 1858 Aristophaneum
1167 1775 1258 1858 (XIII
1282 1796 1316 1859 p.
1344 1797 1401 1859 131
1430 1773 1486 1860 N.)
1510 1772 1681 1858 appositis
1704 1771 1862 1849 numeris,
1886 1791 1959 1854 quo
1981 1766 2112 1833 facilius

402 1919 522 1964 verum
545 1900 784 1983 perspiciatur,
810 1900 1103 1984 comparabimus:
1127 1902 1146 1966 δ
1168 1899 1379 1987 γραμματικὸς
1403 1897 1627 1986 Ἀριστοφάνης
1649 1899 1782 1984 γράψας,
1811 1898 1853 1974 ώς
1882 1897 1939 1962 εἰσὶ
1966 1916 2112 1981 προσφυ-

402 2021 502 2106 νήσεις
525 2026 665 2111 διάφοροι
696 2025 969 2113 παιγνιωδέστεραί
1000 2047 1079 2104 τινες
1114 2030 1167 2092 καὶ
1202 2024 1445 2112 ύποκοριστιιιαί,
1480 2027 1588 2110 ἐπάγει
1623 2023 1686 2090 ο1ον
1722 2018 1832 2092 ‘eene’
1867 2016 1999 2088 ‘adana'
2031 2015 2111 2085 οιτλ’.

402 2153 483 2216 ούτιυ
507 2150 551 2232 δέ,
576 2152 661 2236 φησί,
685 2154 738 2234 καί
764 2147 918 2238 έπατέρας
942 2155 996 2238 μέν
1020 2155 1185 2239 διαρρήδην
1216 2157 1288 2230 τοὺς
1319 2153 1543 2238 πρεσβυτέρους
1575 2152 1717 2234 καλοῦσι,
1747 2151 1807 2216 κάν
1838 2145 1914 2215 ώοιν
1946 2146 2113 2232 ύλλύτριοι,

405 2273 559 2362 *μητέρας
581 2278 615 2341 δέ
638 2278 693 2355 τὰς
718 2278 935 2364 πρεσβυτέρας,
959 2283 1016 2364 τήν
1037 2279 1160 2365 ἡλικίαν
1183 2281 1367 2358 εἰκάζοντες,
1396 2281 1451 2356 τὰς
1475 2278 1510 2344 δέ
1537 2279 1582 2343 έτι
1604 2272 1812 2364 πρεσβυτέρας
1839 2269 1950 2360 *μαίας
1971 2275 2025 2337 eal
2050 2273 2112 2357 *τή-

401 2398 475 2479 θας’
497 2400 556 2486 (1).
604 2407 686 2469 outo
709 2405 743 2469 δέ
765 2407 819 2470 καὶ
841 2408 896 2482 τὰς
919 2416 986 2480 ταῖς
1008 2405 1189 2484 ώδινούσαις
1212 2401 1415 2490 παρεστώσας
1442 2406 1517 2489 πρὸς
1545 2402 1718 2489 θεραπείαν
1751 2396 1862 2487 ‘pulos’
1892 2400 2052 2480 καλοῦσιν,
2086 2399 2113 2462 εἰ

402 2531 455 2592 καὶ
480 2527 625 2613 νεώτεραι
653 2529 714 2595 εἶεν
737 2529 790 2596 aul
814 2533 856 2616 μή
878 2530 1077 2616 πρεσβύτιδες
1099 2529 1152 2596 καὶ
1176 2532 1227 2596 διά
1253 2539 1345 2596 τοῦτο
1374 2526 1621 2615 πολύπειροι(3).
1667 2527 1701 2607 έξ
1722 2527 1860 2592 ἐναντίου
1884 2525 1928 2608 δέ,
1952 2524 2054 2610 φησίν,
2084 2524 2113 2588 οἱ

400 2654 599 2740 πρεσβύτεροι
627 2659 697 2732 τοὺς
727 2655 893 2740 νεωτέρους
924 2651 1055 2734 παῖδας
1078 2659 1131 2722 καὶ
1166 2653 1281 2722 ‘etate'
1312 2657 1470 2722 καλοῦσιν.
1517 2657 1570 2720 καὶ
1600 2651 1738 2741 ’Όμηρος
1770 2651 1815 2736 δέ,
1844 2651 1928 2738 φησί,
1958 2649 2112 2726 τοιαύταις

400 2778 656 2863 προσφωνήσεσιν
679 2780 928 2865 ἀποθεραπεύειν
951 2784 1008 2864 τήν
1031 2781 1155 2867 ἡλικίαν
1179 2778 1292 2867 ‘putav'
1313 2785 1370 2867 τήν
1398 2779 1561 2866 πρεσβῦτιν
1593 2781 1678 2864 λέγει
1688 2777 1737 2862 (4)
1768 2777 1822 2844 καὶ
1853 2780 1907 2843 τὸν
1939 2775 2113 2862 πρεσβύτην

401 2900 548 2989 πατέρα’.
596 2903 731 2983 Quodsi
764 2905 893 2969 numeri
925 2927 951 2968 1.
976 2926 1008 2988 3.
1036 2925 1058 2988 4
1090 2906 1299 2990 Hesychiani
1330 2907 1362 2970 in
1392 2921 1562 2990 excerpto
1595 2904 1855 2988 Aristophaneo
1888 2901 2110 2976 inveniuntur,

399 3048 465 3092 non
488 3043 582 3093 recte
598 3029 790 3094 Nauckium
815 3051 904 3114 quae
928 3031 1022 3116 apud
1038 3030 1257 3096 Eustathium
1280 3033 1435 3116 inspersa
1457 3046 1536 3098 suut
1558 3032 1603 3099 de
1620 3043 1695 3117 μαῖα
1712 3030 1846 3094 nomine
1873 3033 1928 3106 τὰς
1946 3039 2013 3102 ταῖς
2041 3027 2111 3091 ώδι-

399 3151 523 3232 νούσαις
545 3155 749 3242 παρεστώσας
772 3155 983 3241 significante
1007 3156 1052 3220 ad
1077 3156 1305 3240 posteriorem
1322 3157 1485 3222 fabricam
1503 3157 1692 3222 detrusisse
1707 3169 1866 3239 apparet.
1912 3155 1965 3218 De
1981 3151 2113 3217 ratione

400 3279 580 3364 fragmenti
604 3281 749 3346 adeatur
773 3303 828 3346 ex.
854 3303 906 3366 gr.
930 3283 1143 3368 Βλασφημιών
1173 3283 1211 3348 11.
1236 3282 1325 3346 XXI
1356 3281 1396 3344 N.
1453 3280 1678 3364 Aristophani
1708 3281 1813 3366 igitur
1845 3278 2033 3363 pretiosam
2066 3277 2113 3340 de

400 3415 475 3488 μαῖα
499 3403 546 3488 (et
571 3403 708 3493 ἰατρύςῗ)
733 3405 884 3470 notulam
909 3407 1165 3491 Hesychianam
1190 3407 1307 3470 referri
1331 3420 1508 3490 acceptam
1532 3405 1565 3469 in
1588 3404 1777 3492 propatulo
1802 3419 1863 3469 est.

561 3589 590 3632 2.
615 3568 650 3632 In
667 3569 846 3651 Hesychio
870 3591 896 3632 s.
914 3591 947 3633 v.
970 3567 1145 3656 εὐφαπτύν]
1163 3541 1231 3634 ’ὑπὸ
1255 3571 1334 3634 θεοῦ
1357 3568 1567 3655 αατεχύμενον
1591 3569 1752 3632 obstante
1775 3565 1965 3631 litterarum
1993 3565 2113 3629 ordine

401 3691 524 3755 lemma
549 3714 614 3757 non
639 3695 836 3758 mutandum
862 3711 912 3758 est
944 3694 976 3757 in
1008 3689 1178 3780 ἐφαπτύνέ)
1210 3693 1273 3758 sed
1306 3715 1352 3757 ex
1385 3693 1522 3757 diversa
1555 3693 1691 3756 serioris
1724 3692 1801 3757 aevi
1835 3689 2112 3775 pronuntiatione

400 3816 655 3901 explicandum.
703 3819 893 3883 Admonuit
918 3839 982 3883 nos
998 3819 1030 3881 in
1047 3835 1205 3902 ternpore
1222 3819 1480 3903 epigrammatis
1497 3816 1654 3901 ephebici
1672 3819 1737 3902 956
1753 3815 1947 3882 Kaibeliani
1964 3813 2113 3878 Athenis

400 3943 524 4008 inventi
550 3943 741 4008 Guilelmus
765 3943 924 4009 Schulze:

826 4070 932 4136 εἰκόνα
953 4071 1044 4156 τήνδε
1067 4069 1222 4148 Ποθεινὸς
1244 4072 1277 4138 έν
1300 4071 1460 4157 εύφήβοισι
1483 4069 1661 4156 παλαίστρᾳ

827 4197 935 4276 τεύξας
958 4207 1117 4282 αοσμητοῦ
1141 4195 1267 4280 θήκατο
1290 4195 1506 4282 Νυμφοδύτου.

400 4319 452 4384 1)ε
476 4322 583 4385 forma
607 4321 767 4409 εύιρήβοισι
791 4322 1037 4386 eruditissimus
1061 4321 1173 4385 editor
1195 4321 1294 4385 ‘illius
1318 4319 1451 4385 aetatis’
1480 4320 1586 4404 inquit
1619 4319 1783 4386 ‘homines
1811 4342 1888 4385 cum
1912 4342 1930 4384 u
1954 4315 2112 4384 vocalem

399 4468 464 4510 non
488 4447 587 4512 aliter
610 4448 867 4532 pronuntiarent
889 4469 931 4512 ac
954 4473 977 4535 φ
1001 4463 1252 4526 consonantem.
1277 4446 1357 4510 nihil
1381 4447 1442 4512 nisi
1466 4446 1684 4511 consonantis
1699 4444 1966 4529 duplicationem
1982 4443 2027 4508 ab
2042 4443 2112 4508 arsi

399 4589 599 4638 excusatam
622 4573 771 4658 scriptor
794 4571 982 4638 commisit’.
1029 4574 1251 4639 Demonstrat
1281 4571 1444 4655 obliquus
1474 4571 1633 4636 adiectivi
1657 4569 1808 4636 verbalis
1837 4591 1936 4634 casus
1959 4568 2111 4634 lemmati

398 4697 640 4785 lexicographi
673 4715 803 4764 certum
836 4700 1013 4783 scriptoris
1046 4701 1222 4764 cuiusdam
1254 4697 1369 4762 locum
1400 4697 1556 4762 subesse.
1591 4687 1657 4760 ‘De
1689 4712 1795 4778 poeta
1828 4695 1875 4758 ob
1905 4694 2111 4779 productam

398 4825 543 4907 primam
568 4823 738 4909 syllabam
763 4824 827 4890 vix
850 4839 945 4889 recte
968 4823 1189 4911 cogitaveris.

558 5072 578 5142 ¹)
598 5079 782 5140 Fragmentum
806 5079 852 5127 le
877 5077 911 5127 ad
939 5077 1100 5143 Συγγενιαάς
1128 5077 1219 5139 λέξεις,
1248 5075 1469 5142 quemadmodum
1497 5075 1583 5126 voluit
1610 5074 1753 5138 Nanctum,
1782 5072 1830 5123 sed
1854 5071 1889 5122 ad
1908 5071 2111 5138 Προσφυνήοεις

399 5171 533 5234 pertinere
553 5167 664 5219 videtur.

557 5255 579 5326 ²)
597 5259 749 5326 θεύτραπτον
767 5259 882 5310 conlecit
901 5258 1102 5310 Valckenarius.
