4780 6044
1213 353 1250 418 X

546 567 715 652 Epaphus
738 567 770 632 in
793 566 962 652 Aeschyli
985 568 1178 633 narratione
1202 590 1278 633 cum
1302 569 1378 653 ipse
1400 566 1480 634 nihil
1510 584 1593 656 agat
1626 570 1722 653 quod
1753 569 1861 635 indito
1895 569 2018 636 nomini
2041 592 2092 636 re·

384 693 566 776 spondeat,
584 707 668 780 agat
685 693 800 776 potius
816 693 987 781 Juppiter,
1004 693 1153 780 flagitari
1170 694 1247 778 ipsa
1270 693 1389 760 sabula
1404 711 1562 779 apparet,
1581 711 1618 760 ut
1633 696 1757 783 Jovem
1772 693 1919 783 Ἔπαφον
1935 697 2092 780 primitus

384 837 485 881 sacro
510 817 644 882 nomine
666 816 879 902 appellatum
903 839 980 882 esse
1002 818 1204 884 iudicemus:
1235 819 1428 884 conseratur
1456 820 1615 907 Juppiter
1638 817 1802 900 Ἐπωπεύς
1826 836 1860 885 et
1885 817 2091 905 Έτωπεὺςέ),

383 943 563 1027 Neptunus
594 940 766 1032 Ἐρεχθεύς
799 959 833 1008 et
862 941 1044 1032 Ἐρεχθεύς,
1077 943 1189 1010 Orcus
1220 943 1378 1032 Ἄδμητος
1409 961 1443 1010 et
1473 943 1642 1032 Ἄδμητος,
1666 944 1800 1031 Apollo
1824 944 1895 1031 (vel
1919 945 2092 1032 Juppiter)

384 1067 512 1152 Παιήων
536 1085 570 1132 et
593 1070 731 1154 Παιήων,
755 1069 915 1156 Juppiter
938 1066 1143 1156 Ἀγαμέμνων
1167 1085 1201 1134 et
1225 1067 1439 1158 Ἀγαμέμνων,
1463 1071 1624 1158 Juppiter
1646 1069 1718 1156 (vel
1743 1068 1891 1154 Apollo)
1913 1069 2025 1150 Ἠπιος
2057 1087 2092 1137 et

382 1190 486 1278 Ἀπις,
510 1195 552 1282 Jo
577 1195 740 1282 Κερόεσσα
763 1209 798 1257 et
819 1195 984 1280 Κερόεσσα
1007 1192 1075 1258 filia
1098 1190 1205 1281 Jus2),
1230 1195 1287 1259 alii
1309 1196 1473 1262 sexcenti.
1520 1196 1607 1262 Illud
1632 1217 1773 1281 quoque
1797 1219 1843 1262 ex
1864 1195 1981 1262 sabula
1998 1197 2092 1262 intel·

382 1316 511 1405 legere,
536 1341 626 1404 quae
650 1320 702 1384 vis
726 1335 760 1384 et
782 1335 904 1384 natura
926 1319 1024 1407 Jovis
1047 1319 1186 1404 Epaphi
1208 1320 1319 1400 suerit,
1352 1344 1477 1406 reapse
1508 1323 1608 1388 nobis
1641 1323 1807 1401 videmur,
1841 1323 1946 1387 modo
1972 1345 2014 1387 ne
2046 1324 2091 1387 de

381 1444 522 1509 fortuita
564 1467 606 1509 ac
642 1443 749 1510 semel
785 1459 886 1532 gesta
919 1467 968 1522 re,
1010 1445 1106 1509 velut
1147 1447 1191 1509 de
1225 1447 1532 1528 transformatione,
1568 1447 1631 1513 sed
1663 1448 1708 1511 de
1739 1448 1906 1512 constanti
1938 1448 2090 1530 quodam

380 1591 520 1636 munere
552 1587 587 1635 et
616 1571 730 1635 officio
763 1570 984 1656 cogitandum
1016 1592 1094 1636 esse
1123 1585 1289 1637 teneatur.
1344 1573 1445 1654 Quae
1474 1573 1578 1660 igitur
1608 1595 1675 1652 res,
1708 1594 1783 1637 cum
1814 1573 1962 1638 advecta
1992 1573 2035 1660 Jo
2058 1573 2091 1636 in

379 1694 587 1782 Aegyptum
623 1718 771 1782 corpore
802 1698 950 1762 humano
982 1699 1140 1764 restituto
1175 1697 1316 1763 filiolum
1349 1700 1543 1780 eniteretur,
1575 1698 1721 1786 Ἐπαφον
1749 1700 1871 1787 Jovem
1897 1699 2090 1764 necessario

382 1820 590 1904 postulavit?
638 1822 749 1902 Quid?
766 1823 794 1888 si
811 1824 1011 1908 parturienti
1035 1826 1196 1889 adstabat
1212 1825 1372 1913 Juppiter
1396 1822 1666 1904 ‘Contrectator',
1691 1840 1728 1889 ut
1751 1840 1966 1889 succurreret
1989 1846 2089 1888 manu

380 1945 518 2030 corpori
531 1947 672 2012 admota
684 1963 821 2030 partum
839 1947 1044 2014 effecturus?
1067 1949 1201 2014 Etenim
1213 1951 1345 2015 serebat
1362 1951 1501 2034 antiqua
1518 1951 1743 2028 consuetudo,
1758 1965 1794 2014 ut
1806 1950 1967 2035 imposita
1980 1951 2090 2014 ventri

379 2092 478 2136 manu
502 2072 632 2137 incitari
655 2095 697 2138 ac
719 2073 894 2140 sublevari
913 2075 1157 2158 parturientem
1181 2075 1290 2162 volgo
1314 2077 1468 2142 homines
1493 2077 1683 2141 crederent.
1724 2076 1803 2157 Qua
1819 2076 1864 2140 de
1879 2098 1918 2140 re
1933 2075 2089 2141 Soranus

379 2197 532 2262 medicus
555 2197 602 2262 ita
626 2199 804 2283 praecepit
827 2201 903 2286 Περὶ
925 2200 1108 2286 γυναικείων
1132 2224 1167 2287 p.
1193 2205 1256 2286 298
1281 2203 1375 2268 Rose
1397 2208 1469 2284 τοὺς
1497 2206 1532 2270 δὲ
1558 2205 1671 2282 πόνους
1694 2206 1730 2269 τὸ
1754 2205 1809 2288 μὲν
1831 2213 1955 2289 πρῶτον
1978 2213 2016 2288 τῇ
2040 2204 2090 2268 διὰ

381 2325 510 2410 θερμῶν
532 2334 595 2390 τῶν
618 2336 729 2412 χειρῶν
752 2337 898 2414 προσαφή
929 2329 1073 2413 πραΰνειν
1098 2343 1131 2392 et
1155 2350 1189 2412 p.
1215 2349 1274 2412 241
1306 2333 1394 2418 χερσὶ
1421 2331 1455 2396 δέ
1478 2333 1533 2395 τὸν
1560 2333 1655 2415 ὄγκον
1682 2330 1720 2396 έα
1747 2327 1887 2416 πλαγίων
1914 2329 2092 2415 ὑπηρέτιδες

379 2449 512 2516 ἑστῶσαι
536 2452 611 2536 πρὸς
633 2453 704 2528 τοὺς
728 2450 815 2516 κάτω
837 2453 951 2530 τόπους
971 2453 1077 2539 πρᾴως
1093 2455 1330 2540 ἐρεθιζέτωσαν.
1363 2458 1398 2520 In
1415 2477 1505 2540 quae
1521 2456 1630 2520 verba
1646 2477 1722 2520 cum
1739 2456 1828 2519 forte
1844 2454 2088 2532 incidissemus,

377 2574 507 2660 gaudio
532 2573 781 2640 exsultavimus
805 2591 967 2658 tanquam
991 2579 1305 2644 commentariolum
1329 2583 1374 2646 ad
1397 2580 1567 2665 Aeschyli
1590 2578 1762 2646 Semelam
1785 2578 1962 2644 Welckeri
1990 2581 2089 2644 inter·

376 2699 570 2782 pretatione
593 2701 813 2766 obscuratam
837 2697 997 2787 adepti.⁸)
1042 2705 1129 2766 Nam
1153 2703 1320 2769 scholium
1343 2705 1510 2789 Apollon.
1557 2707 1659 2790 1636
1688 2705 1736 2790 (p.
1763 2725 1804 2791 73
1827 2702 1898 2790 N2.)
1945 2703 2087 2788 dutrlotv]

376 2826 528 2911 μαινώσιν.
574 2827 667 2892 ἔνθεν
690 2830 742 2894 καί
766 2831 821 2914 τὴν
837 2825 977 2914 Σεμέλην
994 2827 1124 2915 Θυώνην
1141 2832 1300 2913 καλοῦσιν,
1324 2832 1429 2917 ἐπειδὴ
1445 2830 1601 2919 Αἰσχύλος
1617 2835 1729 2918 ἔγκυον
1749 2833 1845 2916 αὐτήν
1860 2833 2089 2917 παρεισήγαγεν

377 2947 474 3017 οὖσαν
505 2954 559 3016 καὶ
591 2951 833 3040 ένθεαζομένην,
866 2955 979 3040 ὁμοίως
1011 2957 1045 3020 δὲ
1076 2959 1129 3022 καὶ
1160 2959 1216 3032 τὰς
1245 2957 1460 3043 ἐφαπτομένας
1491 2969 1547 3043 τής
1577 2961 1710 3044 γαστρὸς
1741 2961 1836 3044 αὐτῆς
1858 2957 2088 3043 ένθεοιζομένας

377 3075 547 3159 pertinere
578 3077 623 3140 ad
654 3092 791 3160 partum
823 3078 867 3141 ab
899 3077 1030 3142 ancillis
1062 3101 1107 3143 ex
1131 3079 1254 3146 Sorani
1289 3083 1506 3167 praescripto
1540 3084 1761 3149 sublevatum
1796 3083 1886 3148 adeo
1911 3099 1964 3148 est
1986 3082 2088 3146 ruani-

376 3201 509 3280 festum,
541 3217 579 3267 ut
611 3203 731 3266 videre
763 3201 872 3268 oculis
897 3204 997 3268 nobis
1021 3204 1209 3271 videamur.
1262 3209 1382 3290 Itaque
1406 3225 1535 3291 quanto
1559 3229 1668 3293 opere
1692 3209 1858 3274 erraverit
1881 3207 2088 3274 Welckerus

374 3342 531 3410 apparet,
557 3327 615 3411 qui
639 3349 817 3396 servarum
841 3329 983 3394 chorum
1017 3327 1211 3418 Ὑδροφὸρων
1234 3332 1282 3394 ob
1302 3333 1470 3397 incensam
1495 3332 1654 3398 Semelae
1678 3335 1818 3398 domum
1851 3355 1872 3398 a
1904 3351 2011 3417 poeta
2042 3333 2087 3398 in·

375 3467 515 3532 puctum
541 3473 617 3518 esse
641 3476 735 3518 mera
759 3454 954 3520 coniectura
976 3455 1083 3520 finxit.
1131 3457 1231 3536 Quae
1261 3479 1386 3541 aquam
1417 3460 1462 3523 ad
1493 3459 1677 3524 lavandum
1701 3462 1818 3544 potius
1846 3461 2004 3526 infantem
2028 3460 2088 3543 qui

374 3577 564 3644 nasciturus
588 3596 659 3645 erat
684 3581 930 3664 apportabant,
955 3582 1245 3680 quemadmodum
1277 3582 1319 3666 (si
1343 3604 1433 3668 opus
1458 3601 1508 3650 est
1534 3584 1713 3670 exemplo)
1745 3587 1777 3650 in
1807 3586 1918 3650 Plauti
1942 3585 2085 3669 Amphi·

374 3717 495 3769 truone
519 3704 640 3770 ancilla
664 3729 696 3772 v.
725 3727 808 3772 1002
833 3728 909 3791 sqq.
935 3707 1078 3774 rettulit:

586 3845 772 3916 postquam
796 3832 933 3917 peperit
957 3831 1187 3918 (Alcumena),
1212 3857 1341 3918 pueros
1365 3835 1484 3902 lavere
1507 3836 1602 3900 iussit
1627 3858 1699 3902 nos.
1747 3838 1953 3922 occepimus.

586 3972 638 4022 set
663 3977 750 4040 puer
773 3956 831 4022 ille
853 3979 957 4041 quem
981 3979 1050 4045 ego
1074 3958 1153 4038 lavi,
1179 3975 1216 4025 ut
1240 3978 1445 4048 magnumst,
1471 3977 1509 4025 ut
1532 3961 1674 4028 multum
1698 3961 1802 4028 valet.

371 4080 459 4146 Tale
484 4081 566 4165 quid
590 4081 671 4145 item
695 4083 739 4146 de
762 4082 920 4148 Herculis
946 4101 1047 4169 partu
1073 4100 1106 4149 et
1130 4085 1296 4150 Pindarus
1321 4085 1408 4151 dixit
1431 4086 1528 4150 Nem.
1575 4088 1588 4149 l
1612 4107 1649 4173 71
1678 4108 1755 4172 sqq.
1785 4091 1823 4154 ἐκ
1845 4085 1923 4175 δ’ἄρ’
1950 4090 2085 4155 ἄτλατον

370 4207 439 4286 δέος
463 4205 523 4291 (ob
548 4205 693 4293 angues)
723 4209 821 4289 πλᾶξε
844 4221 1006 4294 γυναῖκας,
1030 4211 1100 4276 ὅσαι
1122 4211 1218 4297 τύχον
1243 4207 1421 4298 Ἀλκμήνας
1445 4214 1608 4299 ἀρήγοισαι
1631 4215 1716 4300 λέχει
1739 4231 1772 4278 et
1793 4214 1918 4278 artifex
1941 4213 2084 4298 sculpsit

371 4353 602 4418 pergamenus
637 4333 669 4398 in
704 4355 785 4399 arae
820 4333 1029 4421 anaglyphis
1064 4334 1268 4420 Telepheis,
1308 4358 1385 4402 cum
1421 4354 1541 4404 euntes
1581 4339 1625 4402 ad
1660 4338 1802 4424 Augam
1837 4341 2083 4425 parturientem

370 4458 530 4523 mulieres
562 4476 835 4543 repraesentaret
867 4460 1054 4548 (Jahrbuch
1089 4463 1151 4526 des
1184 4464 1217 4526 d.
1252 4462 1344 4528 arch.
1377 4463 1528 4528 Instituts
1562 4465 1646 4528 1888
1679 4485 1713 4548 p.
1739 4486 1780 4550 55
1805 4465 1906 4550 sqq).
1962 4467 2082 4530 Manus

369 4579 550 4648 nonnullae
573 4584 704 4649 ferreae
728 4600 910 4670 supersunt
936 4608 981 4652 ex
1004 4586 1208 4671 parientium
1239 4605 1322 4654 voto
1353 4589 1543 4667 dedicatae,
1575 4601 1675 4677 χεῖρες
1697 4588 1849 4676 παιώνιαι,
1881 4592 1926 4655 de
1958 4591 2080 4676 quibus

369 4707 455 4773 Otto
483 4710 619 4796 Jabnius
652 4711 683 4774 in
714 4710 937 4777 relationibus
960 4714 1133 4780 societatis
1157 4713 1346 4779 litterarum
1370 4714 1557 4779 saxonicae
1584 4717 1666 4800 1855
1691 4717 1760 4780 tab.
1785 4716 1833 4782 IV
1857 4737 1891 4800 p.
1921 4737 1980 4781 102
2004 4736 2079 4800 sqq.

375 4817 587 4828 ---.-....-..,-..

368 4885 398 4920 se
421 4869 542 4922 lubebat:
577 4884 742 4925 cunctantem
761 4875 789 4924 vi
807 4873 999 4926 abstracturum
1018 4913 1024 4926 .
1044 4913 1052 4926 .
1073 4914 1079 4926 .
1099 4879 1151 4928 lam
1177 4893 1193 4926 a
1212 4879 1238 4927 vl
1263 4886 1318 4928 tuta
1342 4888 1407 4940 erat,
1427 4892 1485 4926 cum
1509 4875 1632 4928 adsertor
1655 4878 1718 4928 nihil
1743 4893 1812 4944 opus
1838 4893 1900 4928 esse
1918 4877 2082 4929 multitudine

369 4961 500 5012 concitata
520 4963 574 5026 alt;
593 4979 624 5017 se
642 4965 700 5014 lure
718 4965 845 5028 grassari,
864 4981 918 5015 non
937 4965 973 5016 ul.
993 4975 1074 5016 vocat
1093 4967 1208 5031 puellam
1228 4967 1255 5016 ln
1274 4967 1323 5016 ius'
1343 4976 1393 5017 etc.

531 5047 552 5118 Ι)
571 5052 614 5101 De
633 5054 686 5104 hoc
704 5055 811 5104 nomine
829 5053 912 5104 falsus
932 5064 973 5104 est
990 5053 1013 5118 J.
1032 5055 1201 5104 Baunacklus
1227 5055 1339 5106 Studien
1357 5056 1369 5106 1
1387 5071 1414 5120 p.
1434 5058 1469 5118 69
1488 5072 1529 5122 sq.

526 5136 654 5207 ²)Nonn.
673 5143 778 5194 XXXII
798 5156 839 5208 70.
860 5143 895 5192 Ο.
914 5142 1019 5207 Mt'tller,
1038 5142 1145 5208 Proleg.
1165 5160 1192 5210 p.
1217 5160 1274 5208 133·
1298 5149 1355 5208 183.

528 5225 549 5296 Β)
568 5232 622 5281 Dle
640 5232 850 5296 Aeschyleiscbe
869 5232 994 5297 Trllogie
1013 5235 1186 5285 Prometheus
1205 5250 1232 5300 p.
1252 5238 1303 5297 ³28
1323 5250 1364 5300 sq.
1400 5234 1547 5286 Welckero
1566 5236 1636 5286 male
1655 5235 1777 5289 credulus
1796 5237 1941 5288 adsentitur
1954 5235 2082 5286 Kausche

366 5319 614 5388 (Mytbologumena
632 5322 784 5388 Aeschylea
803 5323 875 5374 Diss.
895 5321 993 5390 philol.
1013 5323 1143 5374 Halenses
1162 5325 1201 5374 lX
1220 5341 1246 5392 p.
1270 5324 1337 5396 ¹7¹)-
