4780 6044
1034 387 1245 490 ,ΑΧ-

285 629 340 673 τον
361 607 492 693 ἡδονῶν,
516 608 654 692 ἄτρωτον
677 605 737 670 ὑπὸ
760 604 874 682 παντός
897 605 1004 688 πόνου,
1028 603 1130 692 πάσης
1153 605 1269 693 όβρεως
1292 604 1461 690 ἀνέπαφον,
1493 605 1595 692 πάσης
1624 605 1816 691 ἀναίσθητον
1847 603 1995 692 πονηρίας

287 729 368 798 κτλ.’
424 728 637 795 Aboievisse
669 729 735 794 hoc
763 731 992 815 compositum
1028 752 1091 795 usu
1127 729 1343 813 quottidiano
1377 728 1515 793 videtur
1549 744 1583 793 et
1618 729 1784 794 constanti
1819 728 1996 794 titulorum

288 857 457 922 scribendi
481 877 610 942 genere
633 871 809 922 servatum
833 856 877 921 ad
901 871 1064 941 posteros
1096 854 1306 942 pervenisse.
1353 853 1594 918 Demosthenis
1625 869 1744 918 contra
1774 855 1996 937 Dionysodo-

289 1003 363 1047 rum
387 982 576 1047 orationem
601 1003 629 1046 c.
648 983 689 1066 38
715 1003 748 1066 p.
763 1003 823 1064 901
851 981 887 1047 S.
913 982 1152 1066 producimus:
1175 983 1196 1068 η
1219 980 1254 1045 δέ
1277 983 1441 1066 συγγραφὴ
1464 981 1494 1045 τί
1516 979 1615 1063 λέγει,
1639 982 1675 1044 οὐ
1699 983 1742 1064 μά
1757 955 1808 1046 Ai’
1831 981 1867 1045 οδ
1890 976 1995 1062 ταῦθ’,

289 1108 363 1172 ἂσὺ
379 1107 489 1192 λέγεις,
513 1105 781 1194 ιθΔιονυσόδωρε.
805 1105 877 1174 ἀλλ’
899 1109 953 1174 ἐὰν
976 1112 1018 1194 μὴ
1042 1107 1196 1193 ἀποδιδῷς
1219 1109 1254 1171 τό
1278 1105 1397 1171 δάνειον
1420 1109 1473 1170 καὶ
1496 1109 1567 1182 τοὺς
1588 1106 1701 1184 τόκους
1723 1109 1744 1192 ἢ
1768 1109 1809 1193 μὴ
1833 1106 1997 1193 παράσχης

288 1236 327 1298 τά
351 1231 539 1316 ὑποκείμενα
562 1234 684 1318 ἐμφανῆ
706 1233 761 1298 καί
784 1233 929 1319 ἀνέπαφα
951 1235 972 1319 ἢ
996 1231 1075 1299 ἀλλο
1097 1255 1126 1298 τι
1149 1235 1234 1318 παρὰ
1249 1235 1306 1316 τὴν
1322 1235 1380 1317 σὴν
1395 1235 1576 1318 συγγραφὴν
1592 1242 1692 1318 ποιης,
1708 1233 1862 1298 ἀποτίνειν
1877 1232 1998 1298 κελεύει

289 1379 326 1423 σε
352 1355 499 1422 διπλάσια
522 1361 561 1422 τὰ
582 1358 737 1445 χρήματα.
773 1358 827 1424 καί
851 1381 900 1444 μοι
924 1358 997 1444 λέγε
1021 1361 1097 1423 αὐτό
1124 1367 1215 1422 τοῦτο
1242 1367 1297 1441 της
1324 1367 1516 1442 συγγραφῆς.
1526 1351 1550 1440 ¹)
1595 1355 1773 1439 Frequens
1797 1370 1832 1420 et
1855 1357 1998 1440 propria

289 1503 363 1547 vox
386 1479 544 1569 ἀνέπαφος
567 1482 867 1547 manumissionum
893 1481 998 1547 titulis
1026 1481 1188 1567 phocicis‚
1213 1497 1352 1565 praeter
1374 1479 1554 1564 delphicos
1578 1481 1703 1564 quibus
1723 1483 1900 1568 ἀνέφαπτος
1922 1481 1998 1546 reti·

290 1623 388 1672 netur
397 1603 434 1692 ἐ).
481 1607 587 1672 Velut
610 1607 778 1673 Tithorae
801 1606 962 1692 Sarapidi
986 1629 1109 1672 servae
1132 1607 1334 1671 dedicantur
1358 1605 1491 1670 Collitz.
1529 1607 1659 1690 1555d:
1705 1607 1840 1673 ἀπέδοτο
1867 1607 1998 1695 Νικάρε·

287 1756 371 1812 τος.
397 1782 404 1796 .
428 1743 474 1820 τῷ
498 1735 566 1820 θεῷ
588 1743 634 1822 τῷ
662 1735 795 1820 Σεράπει
826 1735 973 1820 κοράσιον
1003 1733 1130 1821 ὀνόματι
1162 1733 1365 1819 Ευφροσόναν
1397 1726 1447 1798 ἐπ’
1475 1733 1652 1818 ἐλευθερία,
1683 1735 1764 1798 ὥστε
1795 1733 1872 1799 εἶναι
1903 1735 1999 1798 αὐτάν

290 1857 462 1945 ἐλευθέραν
485 1863 539 1925 καὶ
562 1860 731 1946 ἀνέπαφον.
760 1881 843 1945 1555
861 1860 946 1944 i19:
970 1861 1101 1946 παρμένι
1118 1855 1194 1943 (sic)
1218 1860 1252 1924 δέ
1275 1855 1481 1945 Ὀνασέφορον
1504 1858 1606 1924 πάντα
1628 1859 1681 1924 τόν
1704 1869 1759 1937 τᾶς
1782 1860 1866 1938 ζωᾶς
1887 1855 1999 1946 χρόνον

291 1985 478 2070 Νειιιαινέτῳ
502 1984 702 2052 Νεικαινέτου
724 1989 777 2051 καὶ
802 1983 949 2072 Διοπρέτφι
972 1986 1122 2072 Τέμωνος,
1146 1995 1209 2063 τοῖς
1233 1986 1266 2050 δέ
1290 1985 1407 2062 λοιποῖς
1430 1987 1544 2051 άπασιν
1568 1981 1722 2070 ἐλευθέρα
1745 1985 1826 2050 ἐστω
1854 1985 1907 2049 καί
1930 1983 1999 2050 ἀνέ-

291 2129 402 2196 παφος.
449 2109 582 2175 Servae
606 2108 819 2195 Aesculapio
843 2111 1124 2175 manumittuntur
1147 2108 1291 2174 Elateae
1323 2129 1404 2194 1532
1430 2131 1449 2174 c
1473 2132 1492 2194 3
1525 2113 1566 2196 μὴ
1597 2109 1728 2194 [ἐξέστω
1752 2112 1786 2177 δέ
1814 2107 1998 2176 καταδουλέ·

291 2237 404 2315 ζεοθαι
428 2237 541 2322 μηθενὶ
559 2283 671 2299 .....
674 2234 690 2319 ]
715 2240 794 2320 σόον,
819 2236 902 2303 ἀλλά
925 2236 1080 2323 ἐλευθέρα
1102 2237 1184 2302 ἔστω
1207 2238 1260 2301 καί
1283 2236 1441 2321 ἀνέπαφος
1472 2231 1561 2320 (ἀπ)ό
1592 2232 1779 2319 (π)[άντων]
1805 2250 1838 2299 et
1871 2233 2000 2299 Stiride

298 2362 379 2444 1548
404 2361 426 2422 b
455 2382 494 2425 ro
516 2364 570 2426 καὶ
593 2364 635 2448 μὴ
661 2359 951 2445 [καταδουλιξάστω
975 2365 1071 2440 αὐτάς
1095 2359 1223 2447 μηθεὶς]
1241 2361 1318 2447 μηδὲ
1338 2357 1417 2427 καθ’
1433 2359 1538 2427 ὁποῖον
1553 2362 1678 2447 τρόπον,
1695 2357 1891 2447 ἀνεπάφ[ους
1907 2365 2001 2439 οὔσας

292 2489 346 2553 τόν
369 2487 471 2551 πάντα
493 2484 624 2572 γρῙόνον
640 2489 703 2553 ἀπό
726 2487 860 2554 πάντων.
900 2490 926 2552 εἰ
941 2488 976 2553 δέ
991 2511 1035 2566 τις
1056 2485 1243 2574 ἐφά[πτοιτο
1265 2481 1573 2572 ηέπιλαμβάνοιτοέ)
1596 2481 1772 2572 Ὁμ]ειλίας
1786 2488 1808 2571 ἢ
1823 2485 2001 2572 Παρθένας,

291 2611 406 2690 ἐξέστω
431 2609 625 2698 [προοτᾱμεν
648 2614 726 2699 ὑπὲρ
749 2616 844 2691 αὐτοῖς
865 2616 919 2679 τόν
944 2609 1043 2699 ἱερέα]
1067 2623 1123 2677 του
1146 2609 1342 2677 Ἀσκλαπιοῦ
1364 2608 1446 2677 κτλ]
1499 2610 1592 2690 Quid
1626 2609 1740 2676 valeat
1773 2615 1809 2677 τό
1843 2611 2002 2696 ἀνέπαφος

293 2752 326 2800 et
350 2737 559 2822 ἐφάπτεσθαι,
576 2738 851 2821 inscriptionibus
868 2738 1074 2822 quibusdam
1098 2735 1265 2821 delphicis
1282 2738 1477 2816 edocemur,
1490 2735 1522 2800 in
1547 2737 1672 2820 quibus
1693 2737 1886 2801 accuratius
1902 2739 2003 2824 ἀφασ-

293 2863 351 2928 θαι
382 2861 438 2924 vel
466 2863 652 2948 ἐφάψασθαι
683 2864 732 2930 ἐπὶ
765 2866 1003 2950 παταδουλιομῷ
1036 2859 1241 2946 scribitur⁴).
1297 2862 1402 2942 Quod
1435 2863 1464 2927 si
1496 2862 1572 2945 quis
1605 2883 1706 2927 manu
1739 2863 1862 2926 iniecta
1893 2861 2002 2950 tangit

294 2987 535 3051 manumissum
565 3007 604 3051 se
634 3005 672 3053 ut
701 3009 801 3052 suum
829 2989 894 3052 sibi
917 2989 1090 3054 vindicare
1114 2987 1205 3053 veile
1228 2989 1295 3052 hoc
1323 2988 1488 3073 symbolo
1512 2989 1638 3072 prodit.
1684 2989 1837 3053 Eandem
1862 3009 2004 3054 consue·

295 3113 445 3178 tudinem
467 3112 695 3178 Athenienses
719 3116 764 3178 de
787 3115 934 3180 servitiis
957 3112 1118 3179 libertate
1142 3114 1277 3180 donatis
1306 3115 1540 3198 sequebantur
1566 3129 1655 3178 teste
1678 3114 1876 3192 Menandr0‚
1902 3135 2003 3198 quem

296 3239 439 3324 egregie
473 3237 662 3303 Meinekius
698 3240 892 3304 emendavit
927 3237 1038 3324 (Suid.
1063 3261 1090 3304 S.
1115 3260 1147 3304 v.
1173 3241 1331 3327 ἀνέπαφον
1360 3267 1402 3295 =
1426 3239 1466 3303 fr.
1489 3259 1556 3322 400
1579 3237 1637 3324 K.)
1665 3243 1706 3305 tit
1733 3236 1832 3306 δ’ἀλλ’
1859 3239 2005 3324 ἀνέπαφα

295 3361 414 3450 σώματ’
442 3367 513 3430 οὐδὲ
539 3366 669 3451 ληπτέα,
699 3366 757 3429 ubi
786 3363 850 3432 οὐδ’
877 3368 945 3453 ἐληι
974 3366 1123 3430 codices.
1170 3363 1371 3449 Aeschylus
1399 3365 1474 3448 ipse
1501 3364 1626 3450 Suppi.
1651 3366 1715 3448 697
1738 3385 1789 3447 sq.
1814 3365 1859 3428 de
1881 3364 2004 3428 Danai-

295 3491 397 3555 dibus
421 3491 580 3576 profugis
602 3495 677 3570 ἰσως
699 3495 760 3578 γάρ
782 3497 830 3570 ἄν,
854 3493 971 3576 inquit,
995 3493 1093 3579 αι’,ρυξ
1120 3517 1165 3572 τις
1187 3495 1208 3578 ἢ
1232 3492 1350 3578 πρέσβη
1374 3491 1463 3577 μόλοι
1494 3493 1579 3576 ἀγειν
1612 3489 1760 3568 θέλοντες
1791 3491 1903 3575 ῥυσίων
1931 3491 2004 3576 ἐφά·

295 3639 414 3703 πτορες.
461 3617 584 3700 Neque
607 3616 706 3681 aliter
729 3617 871 3682 solemni
895 3618 976 3682 iuris
1000 3617 1146 3683 formula
1174 3619 1318 3683 Romani
1348 3637 1424 3682 cum
1449 3618 1481 3680 in
1512 3618 1635 3681 ceteris
1663 3616 1752 3702 legis
1780 3612 2005 3701 actionibusl)

296 3757 367 3808 tum
391 3744 435 3807 de
468 3743 578 3809 servis
610 3761 668 3808 aut
694 3743 867 3827 capiendis
891 3759 950 3808 aut
974 3745 1108 3810 tuendis
1132 3745 1160 3810 si
1183 3745 1299 3831 agitur
1322 3740 1431 3808 ‘manu
1456 3740 1630 3808 adserere’
1650 3743 1725 3808 sive
1755 3743 1787 3806 in
1811 3742 2006 3807 libertatem

295 3869 424 3934 sivein
448 3871 648 3934 servitutem
672 3871 796 3948 dicunt,
821 3869 878 3934 vel
894 3907 938 3917 -
954 3872 1049 3953 quod
1075 3871 1184 3958 magis
1208 3871 1311 3935 etiam
1335 3870 1483 3953 quadrat
1507 3869 1551 3933 ad
1576 3891 1738 3955 graecum
1763 3869 1941 3933 terminum
1963 3902 2004 3915 -

296 3989 441 4058 ‘manum
458 3991 639 4072 adserere,
664 3995 684 4057 i.
709 4016 738 4059 e.
763 4015 897 4059 manum
922 3996 1110 4061 admovere
1133 4013 1275 4062 auctore
1299 3996 1405 4060 Festo
1430 4016 1463 4079 p.
1489 4015 1530 4079 25
1554 3990 1645 4078 M.⁰).

456 4188 477 4256 ¹)
496 4191 537 4242 Et.
565 4192 601 4243 M.
629 4209 650 4242 s.
681 4207 706 4242 v.
734 4194 868 4258 ἐγγυῶμαι
896 4190 952 4245 σόον
982 4196 1009 4244 ἐν
1037 4197 1125 4261 χτρσῑν
1153 4195 1277 4260 φυλάττω
1296 4231 1302 4246 .
1323 4231 1330 4245 .
1349 4230 1357 4244 .
1376 4196 1471 4259 κυρίοις
1499 4195 1535 4257 δέ,
1567 4193 1582 4244 ό
1613 4194 1644 4244 τό
1675 4193 1845 4260 ἀποκείμενον
1873 4193 2007 4257 ἀνέπαφον

298 4279 485 4344 παρεχόμενος.

317 4367 319 4370 ’
456 4364 480 4433 ¹)
507 4371 670 4434 ἐφάπτεσθαι
702 4373 755 4424 hoc
782 4388 862 4423 sensu
886 4373 964 4423 etiarn
993 4373 1065 4438 apud
1096 4373 1293 4424 Orchomenios
1320 4374 1453 4424 Boeotiae
1476 4373 1578 4424 Coliitz.
1603 4375 1741 4437 498-501
1769 4383 1909 4438 usurpatur
1938 4372 2006 4438 (cum

298 4460 380 4510 ceteri
399 4459 497 4510 Boeoti
520 4460 586 4510 alias
606 4461 711 4514 dicendi
735 4463 864 4514 formulas
885 4463 1047 4528 praeierant,
1067 4463 1138 4514 velut
1156 4462 1358 4534 ἀντιποιεῖσθαι)
1377 4475 1403 4514 et
1422 4463 1590 4514 Dodonaeos
1611 4463 1713 4514 Collitz.
1748 4479 1757 4512 ι
1764 4467 1824 4528 348.

458 4545 480 4614 ⁸)
500 4550 620 4615 ἅψασθαι
639 4552 681 4601 vel
700 4553 856 4617 ἐφάψασθαι
874 4553 960 4604 solum
978 4553 1118 4604 adhibetur
1137 4555 1162 4604 in
1181 4555 1257 4606 titulo
1271 4553 1397 4620 delphico
1417 4567 1467 4616 455
1491 4553 1555 4602 Ditt.
1579 4555 1603 4603 el
1621 4555 1650 4604 δέ
1668 4567 1706 4614 τις
1724 4554 1867 4616 ἐφάπτοιτο
1885 4551 2007 4617 Κυπρίου,

298 4637 388 4703 πόριος
406 4639 474 4690 iero
493 4639 590 4690 συλέων
608 4642 654 4690 καὶ
674 4642 752 4703 αὑτός
771 4641 850 4692 αὐτόν
867 4645 914 4694 και
934 4645 948 4694 ό
966 4644 1175 4708 παρατυγχάνων
1194 4645 1229 4706 ὡς
1249 4643 1390 4708 ἐλεόθερον
1409 4643 1474 4694 όντα
1491 4640 1565 4705 τιτλ’,
1585 4641 1654 4692 aliis.
1853 4650 1855 4654 ’

457 4725 479 4795 ⁴)
499 4728 689 4794 Ditteuberger
707 4729 773 4794 Syll.
793 4745 853 4794 455.
873 4747 926 4796 459
945 4733 1008 4798 (bis)
1028 4733 1165 4798 usquead
1185 4733 1245 4797 468.

460 4819 481 4884 ⁵)
509 4819 607 4870 Puchta
643 4819 751 4870 'Cursus
779 4820 827 4872 der
855 4823 1045 4874 institutionen’
1072 4819 1101 4872 1⁸
1132 4839 1159 4888 p.
1188 4825 1241 4887 4⁶9
1268 4837 1328 4887 sqq.
1357 4837 1384 4872 ν.
1411 4820 1712 4885 Betbmann-iiollweg
1739 4819 1932 4883 ‘Civilproeess
1960 4819 2008 4870 des

298 4909 439 4970 gemeinen
459 4908 558 4959 Rechts
577 4909 603 4958 in
621 4909 845 4973 geschichtlicber
863 4912 1057 4976 Entwlcldung'
1076 4913 1086 4962 i
1105 4929 1132 4979 p.
1155 4928 1206 4976 τρο
1223 4929 1263 4977 sq.
1284 4911 1367 4962 Sohm
1386 4909 1584 4962 ‘institutionen’
1602 4927 1630 4977 p.
1653 4925 1711 4960 rra.

459 4993 587 5063 ⁰)Varro
607 4999 637 5048 L.
657 4999 688 5049 L.
708 5016 735 5065 p.
755 5003 802 5051 ⁶8:
821 4999 957 5053 'adserere
975 5017 1052 5052 manu
1072 5005 1097 5052 in
1116 5002 1265 5053 libertatem
1289 5015 1370 5066 quoru
1394 4999 1563 5066 prendimus'.
1606 4999 1711 5050 Plautus
1734 4997 1807 5049 Pers.
1837 4999 1898 5063 163:
1918 4997 2008 5048 'couti-

300 5101 352 5135 nuo
372 5095 398 5136 tu
417 5087 489 5138 iliam
508 5103 524 5137 a
544 5087 640 5140 lenone
659 5089 778 5140 adserito
797 5091 892 5141 manu?
926 5093 1069 5143 Terentius
1088 5091 1202 5157 Adelph.
1226 5105 1273 5154 193
1298 5105 1352 5155 sq:
1370 5090 1466 5156 ‘neque
1485 5087 1651 5140 vendundam
1675 5103 1776 5140 censeo
1798 5104 1867 5154 quae
1886 5087 2009 5139 liberast:

299 5190 359 5225 nam
380 5191 434 5240 ego
454 5176 558 5227 liberali
578 5177 648 5228 iiiam
667 5179 765 5230 adsero
790 5195 870 5230 musa
889 5181 984 5231 manu?
1020 5181 1113 5232 Livius
1133 5181 1166 5230 iii
1186 5196 1219 5245 44
1239 5181 1273 5231 de
1292 5179 1434 5245 Verginia:
1458 5181 1502 5230 'M.
1527 5179 1639 5230 Claudio
1664 5179 1752 5230 clienti
1777 5163 1912 5244 negotium
1937 5175 2009 5228 dedit

299 5265 414 5331 (Appius
435 5265 578 5332 Claudius),
596 5279 624 5318 ut
642 5270 775 5332 virginem
794 5270 819 5320 in
839 5268 993 5320 servitutem
1012 5269 1149 5320 adsereret
1168 5285 1255 5335 neque
1274 5269 1382 5320 cederet
1406 5269 1551 5320 secundum
1568 5269 1719 5320 libertatem
1739 5269 1934 5334 postulantibus
1953 5269 2009 5319 vln-

300 5355 384 5405 dlcias
405 5393 410 5406 .
431 5393 437 5406 .
458 5393 464 5406 .
485 5357 582 5419 uirgini
601 5359 718 5409 minister
737 5359 882 5410 decemviri
901 5358 1019 5421 libidinis
1038 5377 1139 5410 manum
1160 5361 1250 5410 iniecit
1269 5375 1348 5411 serva
1367 5375 1414 5408 sua
1434 5370 1520 5410 natam
1539 5375 1699 5424 servamque
1717 5359 1858 5426 appellans
1878 5359 2009 5424 sequique
