4780 6044
1090 413 1206 512 ---mv
1231 505 1260 510 .-
1284 505 1294 510 -

336 635 455 706 fabula
487 635 678 723 flagitatam
708 633 811 699 iidem
841 629 888 698 illi
920 631 966 698 de
998 629 1124 716 quibus
1157 627 1352 712 quaerimus
1381 646 1504 693 versus
1527 623 1717 702 admittunt,
1750 638 1788 688 ut
1810 623 1853 710 Jo
1876 619 2045 686 ‘infantem

336 785 461 850 reapse
484 763 529 828 ab
552 761 631 846 ipso
653 759 744 847 Jove
766 773 970 843 conceptum
993 771 1093 822 antea
1116 754 1163 841 (in
1187 755 1298 840 patria
1321 749 1501 839 nimirum)’
1522 751 1617 836 apud
1640 748 1844 836 Aegyptios
1866 745 2046 832 peperisse

264 952 269 961 .
336 891 491 958 dicatum
526 887 649 970 Neque
671 884 759 952 enim
782 884 841 948 ubi
864 897 1059 970 generatus,
1083 883 1146 949 sed
1170 882 1229 948 ubi
1252 896 1349 948 natus
1366 879 1535 965 Epaphus
1551 892 1652 954 esset,
1677 875 1743 940 dici
1766 873 1826 940 illo
1846 872 1924 938 loeo
1947 873 2045 938 inter·

337 1016 409 1083 fuit.
455 1015 576 1096 itaque
599 1031 739 1078 versum
763 1011 827 1094 298
850 1013 905 1078 καὶ
927 1010 1005 1088 Ζεύς
1026 1006 1057 1096 γ’
1079 1010 1228 1096 ἐφάπτωρ
1248 1012 1328 1096 χειρὶ
1351 1007 1475 1094 φυτεύει
1502 1005 1594 1091 γύνον
1618 1026 1664 1068 ex
1687 1025 1721 1068 v.
1738 1022 1804 1086 519
1834 1011 1927 1088 γενοῦ
1950 1001 2045 1066 πολυ-

335 1152 480 1228 μνηοτορ,
503 1141 643 1226 ἔφαπτορ
667 1134 746 1216 Ἰούς
769 1151 803 1201 et
819 1157 852 1202 v.
870 1137 935 1222 576
951 1155 1003 1219 sq.
1020 1139 1122 1222 πατὴρ
1138 1145 1310 1224 φυτούργος
1333 1130 1478 1222 αὐτόχειρ
1501 1130 1578 1212 άνοιξ
1599 1129 1707 1218 γένους
1730 1127 1932 1214 παλαιόφρων
1949 1125 2045 1213 μέγας

333 1263 453 1336 τίκτων
476 1263 567 1332 male
590 1265 774 1330 conflatum
797 1233 875 1328 esse
897 1277 1069 1347 putamus.

495 1389 669 1474 Deinceps
699 1385 894 1454 Promethei
926 1407 1048 1454 versus
1081 1389 1144 1472 847
1178 1407 1255 1470 sqq.
1289 1405 1395 1470 supra
1426 1395 1713 1449 commemoratos
1736 1376 2044 1464 interpretabimur.

335 1517 385 1582 lbi
407 1516 458 1582 sie
479 1515 705 1582 Prometheus
729 1533 845 1580 coram
869 1513 955 1601 Jone
978 1513 1194 1579 vaticinatur:

660 1642 724 1728 847
772 1643 854 1708 ἔστιν
876 1639 966 1720 πόλις
987 1637 1138 1726 Κάνωβος
1161 1640 1280 1728 ἑογάτη
1304 1641 1422 1726 χύονύς

774 1765 887 1832 Νείλου
909 1767 985 1852 πρὸς
1009 1767 1093 1854 αὐτῷ
1116 1767 1246 1852 στόματι
1268 1768 1322 1832 aui
1344 1761 1556 1851 προσχώματι.

775 1892 916 1958 ἐνταῦθα
938 1891 977 1977 ἀν’]
1000 1913 1037 1958 οε
1060 1891 1136 1970 Ζεύς
1158 1892 1284 1978 τίθησιν
1306 1893 1444 1977 ἔμφρονα

660 2019 727 2103 85ο
770 2019 900 2104 ἐπαφῶν
923 2015 1050 2105 ἀταρβεῖ
1071 2020 1149 2105 χειρὶ
1171 2021 1225 2084 οιαὶ
1248 2019 1349 2103 ύιγῶν
1372 2017 1475 2102 μόνον.

772 2142 935 2230 ἐπύνυμον
958 2145 992 2210 δὲ
1014 2153 1076 2210 τῶν
1099 2143 1170 2222 Διὸς
1192 2142 1392 2230 γεννημάτων

773 2267 870 2350 τάξεις
892 2269 1037 2337 κελαινὸν
1059 2263 1215 2355 Ἔπαφον,
1239 2271 1271 2348 ὃς
1295 2265 1495 2355 καρπώσεται

660 2395 723 2477 855
771 2394 847 2478 ύοην
869 2391 1063 2482 πλατύρρους
1085 2393 1196 2472 Νεῖλος
1219 2394 1340 2481 ἀρδεύει
1362 2392 1478 2481 χθόνα.

335 2513 447 2584 ‘Manu
470 2515 637 2605 attigisse’
658 2520 781 2607 Jonem
805 2519 964 2607 Juppiter
987 2535 1135 2586 mentem
1166 2521 1196 2586 ei
1228 2520 1418 2586 reiecturus
1441 2517 1600 2584 versibus
1624 2519 1690 2600 849
1712 2535 1764 2598 sq.
1790 2511 1911 2576 dicitur
1934 2507 2047 2574 decla-

334 2659 499 2728 raturque
522 2644 606 2728 ipsis
630 2645 746 2712 verbis
767 2647 899 2732 ἐπαφῶν
923 2661 956 2711 et
980 2645 1082 2733 ύιγύιν
1105 2647 1150 2712 ab
1175 2645 1240 2712 hac
1256 2646 1353 2734 Jovis
1370 2643 1638 2712 contrectatione
1661 2640 1803 2728 Ἐπάφου
1819 2634 2045 2720 veriloquium

333 2791 411 2834 esse
442 2771 660 2836 sumendum:
693 2763 883 2836 dummodo
913 2771 1077 2856 proximo
1108 2793 1210 2838 versu
1243 2771 1396 2837 eiusdem
1426 2769 1568 2836 nominis
1599 2768 1768 2834 contraria
1792 2763 1980 2850 explicatio
2005 2784 2046 2826 ne

333 2895 557 2962 subiceretur.
604 2896 691 2961 Nam
715 2897 773 2981 qui
797 2896 959 2982 ἐπώνυμον
989 2908 1052 2966 τῶν
1075 2898 1146 2978 Διὸς
1174 2897 1374 2986 γεννημάτων
1398 2897 1582 2980 Epaphum
1614 2892 1836 2980 praedicavit,
1868 2890 1958 2954 idem
1982 2909 2044 2952 non

334 3020 483 3088 sanantis
516 3037 722 3101 contactum,
755 3023 818 3088 sed
851 3023 1026 3109 gignentis
1058 3021 1209 3109 intellegi
1243 3022 1363 3090 voluit.
1416 3020 1650 3088 Incredibilem
1682 3021 1869 3084 dissensum
1899 3017 2044 3080 duorum

335 3167 498 3212 versuum
531 3147 564 3212 in
600 3147 779 3214 codicibus
812 3169 890 3214 sese
925 3149 1168 3232 excipientium
1202 3149 1388 3236 ύιγημάτων
1421 3146 1598 3215 vocabulo
1633 3146 1780 3231 pessime
1815 3157 1945 3210 novato
1980 3161 2045 3224 pro

333 3274 533 3360 γεννημάτων
548 3273 767 3358 Peyraredus
784 3271 906 3340 tollere
929 3290 1072 3340 conatus
1089 3271 1180 3360 est.¹)
1205 3275 1430 3342 Godosredus
1446 3290 1561 3338 autem
1577 3273 1791 3340 Hermannus
1808 3269 1951 3353 periisse
1966 3281 2047 3332 ante

333 3399 463 3485 ἐπαφῶν
494 3396 598 3464 τούτου
628 3400 833 3466 versiculum
864 3415 989 3484 putare
1019 3399 1138 3466 maluit
1170 3401 1282 3485 qualis
1313 3401 1367 3466 hic
1390 3416 1443 3466 est
1465 3401 1587 3479 παύσας
1609 3419 1644 3466 τε
1668 3397 1799 3485 μύχύων
1822 3399 1919 3464 τῶνδε
1947 3395 2046 3481 φιτύει

332 3525 435 3610 γόνον,
467 3525 531 3590 etsi
565 3540 724 3591 contactu
757 3525 848 3592 solo
877 3527 897 3594 i.
923 3549 952 3592 e.
982 3526 1124 3612 proprie
1156 3527 1249 3594 dicto
1284 3524 1400 3614 (bt-(bv
1433 3524 1539 3614 μύνον)
1572 3523 1753 3611 gravidam
1786 3521 1888 3586 deum
1921 3539 2046 3602 reapse

333 3649 491 3716 seminam
527 3651 649 3718 secisse
687 3667 721 3718 et
753 3673 958 3738 procreasse
1000 3651 1105 3719 lilium
1139 3676 1181 3719 ne
1212 3653 1409 3718 Hermanno
1451 3651 1589 3736 quidem
1628 3647 1809 3715 verisimile
1850 3647 2045 3713 videbatur.

334 3775 439 3842 Certe
460 3776 544 3874 illud
568 3779 645 3844 hinc
667 3779 792 3864 procul
814 3780 1010 3846 habendum
1035 3795 1097 3858 est,
1123 3779 1282 3864 quoniam
1306 3775 1493 3865 γεννήματα,
1523 3777 1544 3842 i.
1574 3798 1603 3841 e.
1634 3770 1856 3861 prognatus,
1881 3772 1977 3859 Jovis
2000 3793 2046 3836 ex

333 3901 420 3989 Jone
443 3903 612 3988 Epaphus
636 3921 791 3971 vocatur.
845 3905 975 3971 Verum
1008 3904 1124 3972 deleto
1157 3927 1261 3972 versu
1294 3905 1415 3970 Petrus
1447 3901 1645 3988 Elmsleyus
1676 3903 1741 3966 hac
1773 3922 1914 3985 quoque
1946 3900 1977 3964 in
2009 3922 2046 3964 re

333 4029 464 4095 dudum
487 4045 666 4096 assecutus
690 4045 753 4109 est,
777 4052 799 4095 a
829 4051 900 4115 quo
923 4031 971 4097 ita
994 4031 1232 4097 tantummodo
1263 4031 1465 4108 recedimus,
1489 4044 1526 4093 ut
1550 4049 1616 4094 non
1641 4051 1686 4094 ex
1719 4028 1941 4094 adnotatione
1964 4047 2045 4092 casu

333 4151 367 4218 in
392 4169 520 4236 poetae
542 4156 652 4222 verba
675 4154 854 4239 irrepsisse
878 4177 1016 4223 versum
1039 4157 1101 4222 sed
1126 4157 1376 4242 exaequandae
1399 4153 1605 4240 ‘Supplices’
1628 4155 1713 4222 inter
1735 4171 1768 4220 er
1785 4149 2046 4219 ‘Prometheum’

333 4277 583 4364 discrepantiae
606 4301 711 4347 causa
733 4282 850 4348 fictum
874 4303 951 4348 esse
975 4282 1173 4349 iudicemus.
1220 4283 1306 4348 Nam
1337 4305 1415 4348 cum
1444 4282 1540 4369 Jovis
1563 4278 1759 4348 ‘contactus’
1782 4281 1815 4344 in
1837 4279 2045 4346 Prometheo

333 4403 521 4488 improprie
553 4427 600 4471 ex
631 4409 831 4494 generando
863 4407 1094 4494 intellegatur,
1105 4403 1132 4494 ²)
1166 4429 1240 4475 vox
1275 4410 1396 4474 eadem
1431 4429 1496 4474 suo
1533 4429 1634 4474 sensu
1669 4408 1700 4471 in
1736 4404 1971 4490 Supplicibus,
2008 4420 2046 4470 ut
2104 4428 2108 4436 ·

493 4580 514 4649 ¹)
535 4585 657 4650 Coplose
685 4587 711 4636 iu
738 4587 822 4638 Plauti
841 4587 1035 4654 Amphitruone
1054 4587 1199 4638 Alcumena
1218 4589 1285 4638 iurat
1304 4603 1329 4638 ν.
1351 4591 1411 4651 855,
1430 4587 1466 4638 'ut
1484 4589 1546 4637 mihi
1566 4597 1642 4638 extra
1661 4583 1787 4656 ununr‘nte
1806 4585 2045 4652 (Amphitruonem)

335 4673 455 4724 mortalis
475 4689 554 4724 neruo
573 4689 673 4740 corpus
691 4691 811 4742 corpore
829 4678 950 4741 contigit,
974 4693 1029 4742 quo
1052 4693 1094 4728 me
1117 4677 1279 4742 impudicam
1302 4677 1421 4728 laceret)
1457 4679 1542 4728 Nonn.
1562 4677 1597 4727 111
1622 4681 1672 4739 285
1692 4677 1770 4742 (inira
1790 4693 1816 4741 p.
1837 4677 1914 4740 vlit).
1952 4677 1999 4726 lon
2019 4677 2045 4725 in

333 4760 486 4824 'Eurytidls'
504 4763 576 4828 apud
595 4764 710 4828 Hesych.
731 4775 757 4815 et
777 4766 817 4816 Et.
830 4767 866 4817 M.
880 4782 901 4818 s.
915 4781 940 4817 ν.
955 4767 1066 4818 ἀάττιτον
1085 4767 1126 4832 (ir.
1144 4783 1171 4818 ιι
1187 4763 1243 4832 NJ)
1317 4770 1365 4818 ιιαῑ
1383 4769 1401 4834 ἡ
1419 4767 1550 4832 rapinae
1568 4769 1598 4818 ii
1616 4768 1699 4830 ούτως
1717 4767 1833 4832 ἀλέγετο.
1853 4769 1899 4818 καὶ
1918 4765 2045 4818 “hilaro-

336 4851 401 4916 φας’*
419 4853 576 4917 ἀνεπάφους,
596 4855 740 4920 ἀνάνδρους
756 4855 825 4906 κτλ)

493 4937 699 5008 ²)Wieselerus
728 4961 785 4995 cum
813 4959 864 5011 pro
883 4946 1051 5012 γεννημάτων
1069 4947 1204 4998 coniceret
1225 4948 1330 5014 γάννημ’
1348 4948 1430 5011 ἀφῶν,
1450 4945 1616 4996 difficultatis
1636 4943 1859 5014 naturamj'qualis
1878 4956 1949 4996 esset
1969 4961 2045 5010 pror-

335 5045 380 5080 sus
399 5030 550 5095 ignorabat.
587 5035 758 5086 Detestamur
775 5035 909 5086 Wecklini
929 5035 1067 5086 audaciam
1086 5048 1193 5102 poetam
1213 5039 1250 5087 ita
1270 5038 1399 5088 vitiantis:

865 5125 973 5190 ἀπαφῶν
992 5126 1100 5190 ἀταρβεῖ
1117 5129 1184 5192 χειρῑ
1202 5126 1371 5192 νιάμπνεύοιις
1390 5127 1477 5192 μόνον·

865 5215 999 5278 tromper
1018 5216 1048 5266 ἀά
1066 5215 1148 5282 Ζηνὸς
1166 5217 1377 5281 εῑααφαιηιάτων.

335 5297 469 5352 Audacter
488 5301 595 5368 quidem
613 5315 727 5354 attamen
746 5319 845 5369 graece
864 5301 986 5354 scribere
1006 5304 1091 5356 voluit
1109 5305 1319 5358 Helmsoethius:

865 5395 974 5458 ἀπαφῶν
991 5393 1015 5444 τ’
1033 5395 1141 5460 ἀταρβεῖ
1158 5397 1226 5461 χειρὶ
1245 5395 1329 5462 φιτύει
1346 5398 1434 5462 γάνον.

868 5483 1002 5552 ἀπύνυμον
1020 5484 1049 5536 tt
1067 5486 1118 5536 τῶν
1137 5485 1194 5548 Διὸς
1212 5487 1369 5552 φιτυμάτων.
