4780 6044
1069 387 1282 488 Q

323 601 441 684 Eurip.
459 601 585 665 Phoen.
610 603 675 687 678
698 599 843 686 Ἔπαφος
865 599 1000 688 ἐκλήθη,
1024 603 1091 667 ἐπεί
1114 603 1132 667 ὁ
1154 603 1231 681 Ζεὺς
1254 601 1494 688 ἐπαφησοίμενος
1515 611 1571 687 τῆς
1594 597 1672 678 Ἰοῦς
1695 599 1789 666 ποίλιν
1820 600 1862 678 εἰς
1894 609 2028 684 γυναῖκα

322 729 419 811 αὐτὴν
443 728 673 813 μετεμόρφωσε,
698 747 845 810 quorum
870 727 1005 791 testium
1030 741 1186 792 neutrum
1210 727 1398 792 cohaerere
1421 747 1498 790 cum
1520 724 1723 810 Aeschyleo
1746 722 1864 790 sabula
1891 723 2028 788 inferius

324 853 578 916 monstrabitur.
615 853 715 932 Quae
733 874 809 918 cum
826 853 872 917 ita
895 853 970 930 sint,
995 852 1100 917 fuisse
1124 853 1182 936 qui
1205 867 1284 917 ante
1299 850 1514 937 Aeschylum
1538 871 1740 934 perversum
1764 848 1848 914 illud
1872 844 2030 932 ‘Epaphi’

321 977 549 1063 veriloquium
574 979 793 1065 excogitaret
815 979 1065 1064 indagavimus.
2034 1005 2058 1040 t·

1158 1213 1186 1276 Π

479 1336 624 1426 Ἔπαφον
641 1359 717 1403 esse
728 1353 1014 1404 contrectatorem
1027 1336 1213 1426 (ἑφαίπτορα)
1226 1336 1282 1403 vel
1295 1353 1544 1404 contrectatum
1558 1335 1722 1425 (ἐφαπτόν)
1734 1333 1769 1423 ¹),
1787 1357 1854 1401 non
1871 1357 1949 1399 eum
1967 1333 2026 1417 qui

320 1485 366 1527 ex
390 1479 548 1529 contactu
572 1465 680 1529 oritur
703 1463 842 1551 linguae
865 1464 952 1530 ratio
969 1465 1190 1548 comprobat:
1215 1465 1362 1530 activam
1378 1463 1659 1550 significationem
1681 1460 1882 1559 Aeschylus
1898 1483 1931 1526 v.
1950 1480 2024 1544 519,

319 1588 378 1653 ubi
402 1589 528 1653 chorus
552 1590 675 1677 Jovem
699 1606 860 1674 precatur
884 1585 985 1676 ’γενοῦ
1007 1592 1235 1678 πολυμνήστορ,
1265 1592 1404 1677 ἔφαπτορ
1432 1586 1530 1674 Ἰοῠς’,
1558 1589 1737 1674 persensit.
1784 1588 1814 1652 E
1841 1587 1959 1651 radice
1981 1587 2025 1672 ἀφ

319 1736 395 1778 curn
419 1714 470 1781 ἐπί
494 1715 672 1779 coniuncta
696 1736 761 1780 non
784 1718 917 1802 ἔφαφ-ος
940 1716 1013 1780 fieri
1036 1717 1100 1780 sed
1123 1719 1256 1802 ἔπαφ-ος
1279 1737 1420 1782 necesse
1448 1732 1510 1784 est.
1556 1715 1694 1780 Novum
1727 1714 1871 1778 verbum
1902 1714 2026 1797 ἐπαφῶν

320 1861 366 1902 ex
390 1840 523 1904 nomine
547 1838 651 1926 ἐπαφή
676 1838 816 1925 (Suppl.
830 1841 883 1926 17)
892 1838 918 1926 2)
936 1863 1123 1925 procusum
1145 1843 1177 1905 in
1201 1842 1268 1906 hoc
1291 1857 1496 1927 argumento
1520 1839 1657 1906 mediali
1680 1841 1791 1904 forma
1811 1853 1846 1902 et
1862 1836 2025 1901 Moschus

317 1963 553 2050 Aeschyleam
576 1965 728 2030 fabulam
751 1982 888 2032 secutus
898 1963 924 2052 8)
949 1989 982 2032 v.
1007 1989 1079 2052 50,r
1110 1969 1188 2046 Ζεὺς
1215 1969 1366 2055 Κρονίδης
1393 1967 1596 2055 ἐπαφώμενος
1622 1967 1723 2052 ἠρέμα
1750 1965 1855 2052 χερσίν
1875 1960 1881 2050 Ι
1900 1963 2023 2050 πόρτιος

319 2087 452 2179 Ἰναχίης
476 2109 519 2164 ει,
534 2091 676 2157 Nonnus
700 2093 821 2156 eadem
844 2065 967 2160 versus
990 2090 1111 2177 sede⁴)
1135 2094 1313 2178 usurpavit
1337 2094 1379 2158 111
1404 2095 1469 2176 284
1491 2113 1568 2176 sqq.

745 2217 814 2284 ἔνθ’
835 2217 981 2306 Ἔπαφον
1005 2222 1051 2287 Διί
1075 2223 1188 2304 τίκτεν,
1211 2221 1391 2308 ἀκηρασίων
1414 2222 1460 2286 ότι
1483 2216 1612 2285 κόλπων

743 2342 876 2432 Ἰναχίης
900 2347 1040 2432 δαμάλης
1063 2347 1247 2432 ἐπαφήσατο
1271 2349 1359 2425 θεῖος
1381 2347 1508 2432 ἀκοίτης

746 2475 851 2559 χερσίν
874 2473 1095 2560 ἐρωμανέεσσι·
1144 2473 1312 2560 θεηγενὲος
1334 2474 1369 2537 δὲ
1391 2480 1505 2555 τοκῆος

744 2598 779 2677 ἐξ
801 2595 943 2684 Ἰλποὶφου
966 2599 1064 2686 Λιβύη
1087 2596 1178 2682 κτλ.’,

315 2722 379 2786 etsi
403 2722 559 2787 Nonnum
584 2724 628 2787 de
651 2723 796 2788 amantis
821 2724 993 2811 contagio,
1018 2741 1056 2790 ut
1083 2725 1115 2790 in
1137 2724 1345 2791 Prometheo
1368 2720 1585 2808 Aeschylum
1609 2719 1729 2806 (supra
1752 2741 1786 2804 p.
1812 2717 1868 2804 V),
1894 2718 2023 2804 cogita·

314 2847 406 2912 visse
438 2863 546 2932 patet.
600 2847 682 2913 Alia
715 2849 908 2914 testimonia
940 2872 975 2934 p.
1001 2847 1048 2918 V¹
1082 2851 1337 2935 adscripsimus.
1383 2848 1495 2929 Quid?
1528 2848 1625 2932 quod
1656 2848 1768 2932 ipsum
1794 2844 1879 2909 illud
1904 2847 2024 2930 ἔπαφος

315 2971 491 3056 privativo
515 2998 536 3039 α
559 2989 697 3039 auctum
721 2975 861 3060 passiva
885 2977 1026 3060 quidem
1049 2979 1216 3044 sententia
1239 2978 1270 3043 in
1294 2976 1429 3064 graecis
1452 2974 1572 3042 litteris
1601 2974 1695 3040 haud
1721 2994 1801 3037 raro
1831 2971 2022 3056 reperitur?

314 3096 551 3164 Delibabimus
568 3099 738 3168 nonnulla.
777 3101 932 3168 Stoicum
949 3103 1142 3170 Antoninus
1165 3106 1353 3190 imperator
1370 3102 1425 3188 (ΙΙΙ
1440 3124 1509 3188 4p.
1527 3123 1569 3186 23
1586 3098 1697 3186 Stich)
1722 3098 1886 3165 describit
1908 3103 2022 3186 ἄχραν-

476 3274 495 3340 1)
515 3277 559 3329 Ab
579 3281 719 3346 ἀπαφίσκω
739 3295 882 3347 perperam
902 3281 1034 3333 derivavit
1048 3283 1188 3350 Epaphum
1207 3285 1240 3335 H.
1255 3287 1288 3334 D.
1302 3283 1405 3346 Mulier,
1425 3281 1536 3346 Mythol.
1556 3279 1604 3330 der
1622 3278 1724 3342 griech.
1744 3277 1861 3328 stamme
1880 3278 1903 3327 11
1920 3292 1946 3342 p.
1962 3293 2021 3340 29¹·

472 3365 494 3434 Ξ)
513 3369 590 3420 Plato
609 3371 720 3423 Theaet.
744 3374 792 3424 186
811 3373 841 3424 B.
860 3373 979 3424 Alterum
992 3374 1110 3426 Platonis
1128 3374 1216 3424 locum
1235 3375 1396 3440 apponimus
1409 3371 1488 3424 valde
1507 3373 1534 3422 ln
1556 3372 1606 3422 hac
1626 3383 1706 3420 causa
1724 3367 1926 3420 memorabilem
1944 3369 2022 3418 inter·

311 3456 451 3522 potatione
475 3457 653 3509 obscuratum.
697 3462 794 3526 Cratyl.
814 3478 841 3527 p.
862 3479 913 3526 4ο4
935 3464 956 3513 C
992 3464 1164 3528 Φερρέφαττα
1187 3467 1224 3527 tt,
1242 3464 1338 3515 πολλοί
1361 3465 1407 3528 μὲν
1430 3465 1477 3513 καί
1500 3464 1578 3513 τοῦτο
1602 3460 1742 3526 φοβοῦνται
1759 3461 1790 3510 τό
1810 3459 1895 3523 όνομα
1911 3460 1958 3508 καί
1976 3457 2022 3506 τὸν

314 3547 436 3597 Ἀπόλλω
454 3547 503 3598 ὑπό
523 3551 649 3613 ἀπειρίας,
668 3551 703 3612 ῶς
721 3553 816 3616 ἔοικεν,
835 3555 971 3619 ὀνομάτων
989 3555 1143 3621 ὀρθότητος.
1159 3593 1166 3607 .
1180 3593 1186 3607 .
1202 3555 1233 3606 τό
1252 3556 1281 3605 δό
1294 3554 1383 3620 μηνύει
1401 3554 1485 3620 σοφὴν
1503 3548 1570 3603 είναι
1588 3552 1635 3617 τὴν
1652 3550 1730 3601 θεόν·
1750 3551 1797 3600 όιτε
1808 3550 1860 3614 γὰρ
1873 3549 2022 3613 φερομόνων

311 3639 363 3686 τῶν
385 3639 545 3702 πραγμάτων
568 3641 599 3690 τό
624 3638 815 3708 [ἐφαπτόμενον
837 3643 897 3711 ααί]
923 3647 1030 3711 ίπαφῶν
1052 3649 1099 3698 καί
1123 3647 1264 3712 δυνάμενον
1282 3643 1476 3696 όπακολουόιῐν
1499 3645 1580 3707 σοφία
1598 3642 1630 3692 όν
1648 3643 1698 3707 εἴη.
1738 3639 1895 3705 Φτρίπαφα
1913 3632 1959 3688 οόν
1977 3638 2021 3688 διὰ

311 3726 358 3793 τὴν
375 3728 469 3792 σοφίαν
487 3729 534 3778 καί
552 3730 600 3794 τὴν
618 3731 720 3796 ίπαφὴν
747 3735 794 3782 τοῦ
812 3735 956 3798 φερομένου
975 3736 993 3802 ἡ
1011 3735 1076 3797 θεὸς
1094 3737 1126 3786 ἂν
1154 3736 1242 3802 όρόῶς
1268 3735 1416 3800 καλοίτοή
1443 3733 1562 3786 τοιοῦτον
1580 3747 1605 3782 τι
1623 3731 1692 3782 κτλ*
1730 3729 1808 3792 Quae
1826 3729 1901 3778 uncis
1919 3727 2020 3792 saepsi‚

313 3815 399 3866 verbo
418 3818 525 3881 ἐπαφῶν
544 3817 627 3882 (quod
656 3835 742 3870 rarum
762 3821 813 3886 est)
832 3823 993 3888 explicando
1023 3825 1153 3877 destinata
1181 3836 1248 3888 sunt,
1267 3834 1294 3874 ut
1319 3834 1360 3874 est
1383 3824 1408 3872 in
1428 3822 1565 3885 Hesychio
1584 3837 1605 3872 s.
1625 3837 1652 3870 v.
1671 3819 1872 3886 όπαφησαμόνη·
1892 3817 2021 3882 όψαμίνη.

312 3905 466 3955 Plutarchus
489 3903 563 3974 (Περί
587 3911 634 3959 τοδ
657 3909 763 3960 ἀκοίτιν
783 3927 809 3976 p.
829 3915 863 3975 46
883 3915 907 3962 D
928 3913 939 3962 Ι
957 3929 983 3978 p.
1008 3929 1054 3978 ¹75
1076 3915 1167 3980 Wytt.)
1191 3917 1293 3980 ἐπαφῆς
1316 3915 1363 3964 καί
1386 3911 1525 3974 νουθεσίας
1547 3911 1612 3976 πρός
1636 3909 1815 3974 ἐπανόρθωσιν
1832 3907 1916 3974 ἤθους
1934 3907 2020 3970 3⁰³⁸?

311 3997 442 4062 φαρμάκῳ
463 3999 586 4050 δάκνοντι
604 3999 677 4065 λόγον
695 4003 830 4068 χρωμόνης
848 4003 985 4068 όλίγχονττ
1003 4006 1100 4056 inflexa
1118 4007 1248 4056 sententia
1273 4003 1346 4068 dixit,
1365 4003 1400 4054 ad
1424 4017 1502 4067 quem
1521 4001 1609 4052 locum
1628 3997 1846 4064 Wyttenbachius
1869 3994 2020 4062 (Animadv.

312 4100 339 4148 p.
361 4086 422 4150 309)
443 4085 568 4151 exempla
587 4085 666 4138 docte
687 4091 833 4154 congessit.

470 4171 491 4241 ό)
510 4175 593 4226 Unum
623 4180 667 4242 qui
695 4178 730 4228 ab
759 4181 910 4246 Aeschyleo
937 4184 1078 4248 tragoedia
1105 4186 1222 4251 pendeat
1249 4185 1388 4235 Moschum
1416 4185 1571 4234 invenimus.
1615 4181 1667 4243 Qui
1696 4181 1721 4228 ln
1749 4177 1875 4242 'Europa'
1903 4174 2020 4225 carmine

311 4280 336 4314 v.
357 4279 390 4327 44
410 4281 470 4330 sqq.
490 4266 584 4331 Jonem
604 4267 760 4319 describens
778 4270 870 4335 Jnachi
889 4273 969 4324 filiam
988 4275 1014 4323 in
1032 4289 1143 4326 vaccam
1162 4285 1285 4328 mutatam
1304 4291 1378 4326 mare
1396 4283 1572 4325 transnantem
1591 4274 1658 4322 haec
1678 4271 1752 4320 dicit:

807 4362 874 4413 δοιοί
893 4363 1028 4414 δ’ίστασαν
1047 4365 1114 4430 ὑψοῦ
1132 4367 1173 4416 ἐπ’
1191 4367 1287 4432 ὀφρὺος
1307 4365 1441 4433 αἰγιαλοῖο

806 4453 890 4514 φῶτες
909 4453 1053 4520 ἀολληδην,
1072 4455 1185 4521 θηεῦντο
1204 4459 1234 4508 δὲ
1252 4459 1414 4522 ποντοπόρον
1433 4457 1500 4520 βοῶν.

807 4541 835 4591 ἑν
853 4537 908 4608 δ’ἧν
928 4543 991 4604 Ζευς
1009 4545 1136 4612 Κρονίδης
1154 4548 1323 4612 ἐπαφώμενος
1341 4547 1428 4612 ηρόμα
1444 4545 1532 4612 χερσίν

807 4632 913 4696 πόρτιος
933 4633 1053 4700 Ἰναχίης,
1072 4637 1119 4702 τὴν
1138 4637 1300 4702 δ’ὲπταπόρφ
1318 4638 1390 4702 παρὰ
1408 4635 1495 4702 Νείλῳ

805 4721 838 4770 ότι
856 4723 916 4784 βοός
934 4723 1074 4788 εὐκεροίοιο
1092 4726 1171 4776 πάλιν
1190 4727 1326 4792 μετόμαιβε
1344 4731 1466 4793 γυναῖκα.

308 4805 426 4855 Praeivit
444 4807 511 4857 haee
530 4806 679 4871 Aeschylus
698 4807 858 4874 Βυρρ1.549
877 4827 949 4877 sqq:
970 4813 1056 4878 βροτοί
1075 4817 1125 4866 δὀἳ
1141 4821 1192 4883 γας
1210 4817 1265 4868 τότ’
1282 4810 1349 4883 ἦσαν
1367 4816 1472 4882 ἔννομοι
1489 4816 1585 4882 χλωρῷ
1598 4817 1700 4882 δείματι
1717 4814 1801 4881 θυμόν
1819 4814 1946 4868 πάλλοντ’
1959 4815 2019 4880 όψιν

308 4895 390 4961 ᾰηόη,
410 4897 485 4959 βοτὸν
512 4898 653 4961 ἐσορῶντες
672 4900 794 4964 δυσχερίς
812 4901 987 4967 μειξόμβροτον,
1007 4906 1054 4956 τάν
1073 4906 1119 4970 μὲν
1143 4907 1212 4970 βοός,
1230 4908 1278 4958 τόν
1305 4901 1362 4958 tvi
1380 4907 1513 4972 γυναικός.
1540 4908 1618 4974 τόριις
1636 4907 1799 4972 reumont.
1841 4906 1910 4957 Usus
1939 4904 2018 4956 etiam

307 4984 414 5034 'Persis'
432 4986 559 5036 Moschus
582 4998 622 5038 est
641 5004 667 5038 v.
690 5005 700 5038 1
722 5005 792 5054 sqq„
810 4989 856 5040 ubi
880 4993 960 5056 virgo
979 4993 1070 5044 Asiam
1094 5006 1121 5045 et
1145 4997 1279 5062 Europam
1308 4996 1342 5047 de
1359 4993 1400 5067 {se
1429 5007 1561 5048 certantes
1588 4997 1723 5048 somnians
1750 4997 1876 5048 Atossam
1903 4997 2019 5046 imitatur

307 5075 492 5139 Aeschyleam.
529 5075 622 5127 Simile
641 5078 704 5143 quid
723 5079 844 5145 picturae
863 5083 1043 5147 pompeianae
1064 5083 1100 5134 ab
1119 5085 1249 5151 Helbigio
1273 5103 1300 5152 p.
1321 5103 1356 5151 40
1374 5088 1492 5152 catalogi
1518 5088 1671 5152 descriptae
1690 5088 1831 5137 continent.
1870 5085 1910 5136 ef.
1930 5085 2018 5136 Over·

308 5163 400 5214 beclrii
419 5165 689 5230 ‘Kunstmythologie’
707 5167 730 5217 ΙΙ
748 5184 775 5234 p.
795 5173 857 5235 485.

464 5251 488 5320 ⁴)
506 5257 613 5306 Tertius
641 5267 667 5308 et
698 5271 806 5324 quartus
834 5261 875 5311 his
902 5263 1033 5314 accedunt
1051 5265 1148 5318 Aratus
1166 5283 1192 5319 v.
1212 5285 1245 5332 9³
1265 5269 1351 5336 οδνεχ·
1379 5271 1506 5336 ίιμαξαίης
1535 5268 1706 5334 όπαφνλμῑνος
1732 5271 1830 5322 dim
1856 5271 1971 5337 ’όρῐννν
1990 5285 2017 5326 ‘t

306 5345 436 5408 Agathias
454 5346 500 5396 ΑΡ
518 5345 543 5398 V
563 5363 612 5396 222
633 5351 656 5398 εί
674 5363 738 5400 ποτε
757 5353 803 5416 μὲν
821 5353 936 5420 αιόοίρης
954 5357 1109 5424 ἐπαφήσατο
1127 5357 1261 5425 πλῆκτρον
1279 5362 1385 5412 ἑλοῦσα.
