4780 6044
1151 323 1365 424 „affl

403 539 472 604 dea
506 538 674 604 adiutrice
704 538 796 604 laeta
820 538 934 622 capiat
958 536 1184 604 incrementa’.
1222 537 1312 604 Nihil
1344 539 1388 604 de
1419 537 1643 616 incrementis,
1667 538 1782 604 omnia
1814 537 1860 604 de
1887 537 2114 604 nascenthus:

402 663 540 748 ilithyia
564 662 754 748 ‘producit',
779 667 821 744 εἰς
844 676 910 750 φῶς
933 665 1072 751 προάγει,
1096 685 1143 730 ex
1166 681 1312 730 matrum
1336 683 1485 747 corpore
1507 663 1652 730 infantes
1676 683 1743 748 pro
1765 663 1941 750 Γενετείρας
1964 664 2113 742 notione,

405 805 559 854 curaret
583 805 699 855 tuetur
722 805 849 856 matres
871 805 910 855 ut
934 792 1129 878 ματροπόλος
1151 790 1259 874 (Pind.
1283 789 1385 874 Pyth.
1410 789 1453 854 III
1477 785 1553 874 9).¹)
1598 789 1721 876 Neque
1744 787 1843 856 aliter
1867 788 2029 854 mortales
2052 789 2114 854 ob·

404 914 560 979 stetrices
583 915 798 980 vocabantur
821 931 854 980 et
879 917 1055 1002 ἀναγέτριαι
1079 911 1338 1000 ‘productrices’
1360 930 1395 979 et
1418 913 1515 1001 ἰατροί
1537 911 1658 999 (συρτει
1680 935 1715 998 p.
1732 911 1818 978 XIV
1830 908 1866 996 Β),
1889 915 1910 999 ῆ
1931 914 2114 1000 ίατρείιουσα

404 1054 454 1103 est
483 1039 578 1122 apud
609 1037 879 1123 ‘Hippocratem’
908 1065 941 1106 π.
969 1041 1153 1126 γυναικείων
1180 1040 1257 1106 VIII
1285 1060 1319 1124 p.
1356 1058 1417 1122 144
1440 1039 1479 1106 L.
1508 1055 1542 1104 et
1570 1041 1602 1106 αί
1629 1039 1808 1125 ἀκεστρίδες
1835 1040 1867 1104 αί
1893 1040 2015 1126 πάρεισι
2041 1049 2112 1124 εῆσι

403 1166 582 1252 τικτούσησι
605 1165 637 1228 in
661 1164 750 1230 libro
774 1191 806 1233 π.
831 1176 956 1253 σαρκῶν
979 1166 1057 1231 VIII
1080 1187 1115 1248 p,
1140 1167 1206 1246 614
1229 1165 1268 1229 L.

561 1325 768 1411 Καλλιγένειαν
791 1328 858 1391 dea
881 1348 902 1391 a
918 1326 1286 1410 Thesmophoriazusis
1309 1325 1578 1392 Atheniensibus
1602 1326 1806 1409 imploratur
1829 1347 1862 1391 v.
1886 1346 1949 1410 295
1974 1341 2112 1410 praeter

402 1447 563 1514 Cererem
591 1450 833 1534 Proserpinam
860 1450 962 1528 alios,
986 1455 1026 1517 τίι
1048 1452 1256 1536 Καλλιγένεια
1279 1452 1399 1516 tertius
1427 1467 1479 1516 est
1502 1450 1860 1535 Thesmophoriorum
1890 1451 1965 1516 dies
1988 1449 2110 1535 (schol.

401 1574 446 1637 ad
474 1595 506 1638 v.
533 1572 601 1657 80),
627 1597 698 1657 quo
722 1577 923 1656 sacrificare,
953 1593 990 1640 ut
1014 1573 1157 1640 feliciter
1181 1577 1397 1654 eniterentur,
1422 1575 1580 1640 solebant
1604 1575 1887 1641 matresfamilias.
1916 1577 1992 1640 Dea
2007 1575 2112 1662 igitur

401 1699 538 1764 efficere
561 1715 600 1764 ut
623 1699 767 1784 pulchre
790 1715 950 1784 parerent
978 1702 1186 1765 credebatur
1214 1717 1248 1765 et
1276 1701 1353 1785 ipsa
1380 1702 1524 1787 gignere
1554 1695 1742 1785 pulchre2).
1788 1700 1929 1767 Molitur
1953 1699 2112 1766 nonnulla

364 1844 369 1851 ·
402 1824 642 1909 intempestive
665 1824 730 1888 bac
754 1827 799 1890 de
822 1846 910 1890 voce
931 1826 1202 1912 lexicographus
1226 1827 1391 1912 Hesychii
1415 1849 1441 1892 s.
1466 1849 1499 1893 v.
1521 1825 1761 1914 Καλλιγένειαν]
1786 1831 1822 1893 ob
1850 1831 1906 1914 τὴν
1929 1826 2002 1913 Γῆν,
2029 1829 2112 1893 ἀλλὰ

400 1953 455 2034 τῆν
479 1950 644 2037 Δήμητραν
668 1987 713 1997 —-
735 1954 833 2031 οὐδείς
857 1957 917 2040 γὰρ
940 1957 1037 2032 οὓτως
1061 1955 1120 2040 έρη
1143 1957 1200 2039 τὴν
1224 1953 1285 2040 Γῆν
1302 1954 1526 2039 Καλλιγένειαν
1551 1989 1592 2000 -
1617 1957 1645 2021 oi
1668 1955 1702 2019 δέ
1726 1949 1878 2037 (scripsiz
1903 1955 1957 2040 μέν
1981 1951 2110 2037 codex)

399 2077 514 2160 τροφόν
537 2078 642 2161 αὐτῆς,
666 2079 751 2142 οἵδέ
776 2077 895 2165 ἱέρειαν,
920 2082 949 2144 οἳ
971 2082 1005 2144 δέ
1028 2081 1218 2146 ἀκόλουθον.
1264 2081 1489 2165 Impugnatur
1511 2079 1605 2143 initio
1629 2078 1873 2163 Apollodorus
1891 2077 2111 2142 Atheniensis

400 2198 432 2263 in
462 2198 552 2264 libro
579 2204 649 2286 περί
676 2204 762 2268 θεῶν
794 2201 904 2286 (Ρίιοι.
933 2225 960 2268 s.
986 2225 1019 2268 v.
1044 2203 1164 2288 Καλλ]
1189 2202 1434 2292 Ἀπολλόδωρος
1456 2206 1511 2290 μέν
1541 2208 1597 2291 τὴν
1620 2203 1696 2290 Γῆν)
1721 2220 1756 2267 at
1779 2205 1914 2282 frustra,
1940 2201 2112 2286 probanti·

401 2324 465 2388 bus
494 2323 675 2408 Aeschylo
704 2327 743 2393 sr.
767 2348 811 2412 44
833 2323 896 2391 N.²
925 2344 958 2392 et
987 2327 1199 2392 Callimacho
1223 2329 1349 2413 Hymn.
1378 2331 1410 2394 In
1433 2330 1511 2416 Jov.
1534 2352 1568 2394 v.
1595 2348 1647 2414 29.
1694 2329 1836 2414 Optime
1865 2328 1970 2414 igitur
1993 2329 2111 2394 Καλλι-

399 2451 518 2534 γένειαν
550 2451 663 2514 dicere
687 2452 714 2516 si
735 2453 812 2536 quis
835 2451 919 2518 velit
942 2455 1052 2538 possit
1084 2453 1270 2518 Tellurem.
1317 2443 1435 2542 Pergit
1467 2455 1622 2521 Photius:
1654 2459 1684 2522 οἳ
1714 2457 1748 2521 δὲ
1776 2455 1847 2533 Διὸς
1873 2457 1926 2520 καί
1950 2454 2111 2539 Δήμητρος

399 2577 570 2662 θυγατέρα,
598 2577 618 2640 i.
648 2599 677 2641 e.
701 2579 950 2662 Proserpinam,
975 2576 1206 2667 Ἀριστοφάνης
1229 2583 1262 2646 δέ
1291 2580 1308 2644 ὁ
1338 2585 1476 2666 κωμικός
1502 2583 1631 2668 τροιρόνε
1671 2579 1807 2646 Cereris
1840 2578 1985 2656 scilicet,
2014 2577 2110 2660 quod

400 2721 446 2764 ex
478 2701 655 2785 Hesychio
688 2720 794 2788 patet.
849 2705 1075 2788 Proserpinae
1107 2706 1271 2770 nutricem
1305 2705 1530 2792 Calligeniam
1561 2707 1700 2773 Nonnus
1731 2707 1778 2772 VI
1815 2725 1877 2787 140
1908 2701 2108 2768 introduxit.

399 2829 517 2914 δαίμων
549 2833 617 2915 περί
656 2834 711 2916 τὴν
742 2832 918 2917 Δήμητραν,
950 2833 989 2918 ῆν
1019 2832 1265 2919 προλογίζουσαν
1298 2832 1330 2897 ἐν
1364 2841 1429 2908 ταῖς
1463 2831 1581 2917 ἑτέραις
1610 2829 1935 2918 Θεσμοφοριαζούσαις
1966 2827 2110 2912 ἐποίησεν

399 2953 507 3018 schol.
531 2955 711 3038 Aristoph.
758 2957 791 3020 T
793 2956 898 3020 hesm.
929 2977 961 3021 ν.
989 2975 1051 3039 295
1076 2957 1115 3020 fr.
1140 2976 1204 3040 335
1234 2957 1277 3020 K.
1325 2955 1412 3020 Cum
1440 2956 1493 3020 his
1517 2956 1607 3020 bene
1635 2954 1840 3040 copulantur
1863 2955 2004 3042 glossae
2029 2972 2110 3017 non·

399 3078 511 3145 nullae
535 3081 701 3164 Hesychii
729 3103 756 3146 s.
781 3103 813 3146 v.
839 3079 1001 3166 Ἐλευθῶ]
1026 3081 1199 3148 Εἰλείθυια.
1240 3085 1293 3148 καί
1318 3084 1372 3169 μία
1394 3093 1456 3149 τῶν
1480 3083 1666 3149 Εἰλειθυιῶν
1688 3085 1742 3148 καί
1764 3083 1926 3169 έπῶνυμον
1949 3081 2110 3166 Δήμητρος

399 3209 483 3293 παρὰ
512 3207 710 3292 Ταραντίνοις
737 3210 790 3272 καί
818 3207 1020 3294 Συρακοσίοις
1048 3223 1082 3270 et
1108 3204 1355 3294 Ἐπιλυσαμένη]
1380 3207 1556 3294 ἐλευθερία.
1602 3211 1655 3272 καί
1686 3209 1739 3295 μία
1762 3219 1825 3274 τῶν
1848 3206 2034 3273 Εἰλειθυιῶν
2056 3203 2110 3268 καί

398 3333 559 3419 ἐπώνυμον
579 3334 740 3420 Δήμητρος
763 3335 848 3419 παρὰ
871 3331 1068 3419 Ταραντίνοις
1092 3335 1145 3397 καί
1167 3331 1379 3416 Συρακοσίοις.
1425 3332 1530 3396 Falso
1554 3331 1698 3398 alterum
1721 3350 1834 3397 utrum
1858 3330 2036 3397 articulum
2061 3329 2109 3393 ob

401 3459 587 3522 verborum
611 3457 856 3540 aequalitatem
885 3458 1036 3521 editores
1064 3457 1309 3540 proscripsisse
1333 3457 1572 3541 perspicimus,
1597 3459 1786 3524 dummodo
1811 3459 1954 3522 eandem
1977 3454 2110 3542 glossa·

399 3604 474 3647 rum
491 3583 666 3668 syllogam
681 3583 816 3666 utrique
829 3581 909 3647 loco
922 3583 1067 3647 subesse
1079 3601 1183 3666 posse
1196 3583 1409 3647 arbitremur.
1435 3583 1596 3648 Cererem
1609 3585 1714 3671 igitur
1726 3583 1911 3668 Syracusis
1924 3598 1958 3646 et
1969 3580 2109 3646 Tarenti

398 3730 464 3773 non
497 3709 610 3774 solum
645 3708 826 3793 ilithyiam,
863 3730 983 3774 verum
1017 3708 1118 3771 etiam
1154 3702 1426 3773 ‘Liberatricem'
1462 3709 1519 3774 vel
1553 3703 1742 3774 ‘Liberam'
1774 3709 1917 3774 solemni
1949 3706 2109 3790 ilithyiae

399 3830 586 3917 epitheto⁸)
610 3851 771 3899 vocatam
795 3855 871 3900 esse
894 3835 1056 3899 discimus
1080 3849 1112 3897 et
1138 3855 1183 3896 ex
1207 3835 1328 3898 eadem
1353 3855 1457 3899 causa
1481 3833 1635 3921 glossam
1658 3829 1825 3924 Ἑρμιόνη]
1846 3839 1900 3901 καί
1920 3833 1941 3919 ἡ
1961 3834 2108 3920 Δημήτηρ

397 3964 449 4026 καί
473 3960 494 4045 ἡ
517 3961 604 4048 Κόρη
629 3963 661 4026 ἐν
684 3961 896 4048 Συρακούσαις
922 3955 1147 4043 explicamus,
1190 3959 1276 4022 Nam
1293 3954 1442 4046 Ἐρμιόνη
1468 3983 1474 4026 :
1500 3957 1628 4048 Ἠπιόνη
1642 3959 1840 4048 εἜρμιος
1864 3985 1871 4025 :
1895 3959 2006 4038 Ἠπιος
2029 3957 2106 4036 alia,

396 4089 475 4173 ἕρμα
505 4102 618 4150 autem
650 4086 795 4150 fulcrum
828 4083 914 4170 est⁴)
947 4102 980 4149 et
1012 4086 1124 4172 έρμιῶν
1154 4085 1277 4172 έρμιόνη
1309 4079 1516 4168 ‘fulciens'.⁶)
1571 4085 1801 4152 Parturieutes
1832 4103 1868 4151 ut
1899 4085 2106 4164 fulcitentur,

352 4233 360 4248 ·
398 4213 582 4296 antiquitus
606 4227 832 4295 praeceptum
849 4227 922 4275 erat
937 4212 1047 4275 :unde
1072 4225 1104 4274 et
1129 4210 1204 4293 ipsa
1221 4211 1454 4275 Romanorum
1472 4203 1671 4276 ‘obstetrix'
1688 4212 1768 4277 mihi
1792 4233 1914 4278 nomen
1931 4211 2108 4295 accepisse

398 4339 544 4402 videtur.
592 4337 844 4402 Dubitabamus
867 4359 902 4421 p.
926 4336 1014 4402 XIX
1038 4336 1083 4400 de
1106 4335 1311 4419 Proserpina
1336 4334 1530 4424 Κειρογονίᾳ,
1559 4350 1673 4399 utrum
1703 4357 1723 4398 a
1746 4337 1835 4423 Jove
1857 4337 2036 4424 Χειρογόνῳ
2065 4356 2107 4398 an

561 4549 581 4615 ¹)
602 4551 768 4617 μητροπόλον
781 4553 810 4602 bk
823 4552 869 4615 τὴν
885 4551 1043 4613 Εἰλείθυιαν,
1063 4552 1106 4602 διὰ
1119 4551 1149 4600 τό
1162 4551 1219 4614 περί
1232 4551 1279 4611 τίις
1293 4549 1405 4614 μητέρας
1416 4548 1544 4600 εἰλεῖσθαι
1563 4547 1580 4614 it
1592 4549 1733 4600 πολεῖσθαι
1746 4553 1797 4601 τῶν
1809 4550 1974 4616 γεννωμένων
1983 4549 2106 4600 scholion

396 4642 430 4692 ad
449 4643 474 4692 b.
495 4641 510 4690 l.
530 4642 647 4704 Hesych.
666 4657 687 4690 s.
708 4655 733 4691 ν.
753 4638 875 4708 πολῶεν]
896 4677 902 4690 .
923 4677 930 4690 .
950 4640 1112 4704 θεραπεὺειν.

555 4727 578 4795 2)
598 4731 714 4793 Hesycb.
734 4745 755 4779 s.
775 4745 801 4784 ν,
820 4726 996 4796 καλλιτόκου]
1015 4728 1106 4790 καλῶς
1125 4729 1260 4794 τεκοὺσης,
1279 4729 1398 4778 είιτόκου.

557 4816 578 4885 ⁸)
599 4819 638 4870 Cs.
655 4821 787 4883 HIppocr.
806 4833 832 4868 π.
852 4821 1000 4884 έπταμῆνου
1019 4817 1077 4884 (vll
1091 4834 1117 4883 p.
1131 4833 1182 4880 44²
1197 4817 1239 4882 L.)
1258 4819 1324 4882 perit
1343 4819 1373 4868 δὲ
1391 4819 1474 4868 ταῦτα
1492 4819 1566 4869 αἵτε
1585 4819 1674 4882 ῶόῐνές
1692 4821 1742 4870 εἰσι
1759 4821 1806 4869 καί
1825 4821 1850 4869 οἱ
1868 4820 1944 4869 πόνοι
1956 4819 2106 4882 ἐπίκεινται,

396 4909 450 4963 ἔστ’
472 4911 503 4962 ἂν
522 4909 692 4976 έλευθερωθῆ
711 4912 757 4959 τοῦ
776 4923 805 4960 τε
822 4911 926 4960 παιδίου
944 4911 991 4959 καί
1010 4913 1055 4959 τοῦ
1074 4907 1190 4972 ὑστέρου.

553 4996 576 5064 ⁴)
594 4999 732 5049 Buttmann
751 4998 876 5062 Lexilog.
895 4999 906 5048 1
924 5013 951 5064 p.
976 5013 1019 5048 ιιι
1044 5025 1077 5034 -
1100 5012 1157 5060 ¹¹5·

555 5086 577 5154 ⁵)
597 5089 663 5138 Lex.
687 5087 799 5154 Seguer.
820 5088 843 5138 V
862 5089 899 5153 (p.
925 5089 975 5149 256
995 5087 1115 5152 Bekker)
1137 5083 1271 5152 Ἑρμιόνη]
1300 5088 1396 5150 χωρίον
1426 5085 1522 5136 ᾰσυλόν
1550 5088 1619 5137 έστιν
1646 5088 1664 5152 ῆ
1686 5085 1809 5150 Ἐρμιόνη
1838 5085 1905 5137 οὕτω
1933 5086 2105 5152 καλοόμενον.

396 5182 470 5231 Ρίιοι.
490 5197 510 5232 s.
531 5197 557 5231 ν.
576 5181 672 5246 χωρίον
692 5179 797 5242 ἄσυλον,
816 5179 833 5245 ῆ
852 5177 927 5241 πόλις
946 5179 962 5244 ῆ
981 5179 1009 5229 έν
1027 5177 1219 5244 Πελοποννήσῳ
1238 5177 1337 5240 ignora
1355 5175 1413 5238 ἱερὰ
1432 5175 1564 5240 Δήμητρος
1581 5178 1628 5226 καί
1647 5175 1813 5240 Περσεφόνης
1844 5173 1936 5227 ἄσυλα.
1982 5175 2106 5226 Ceterum

395 5271 516 5324 Soranus
535 5285 562 5334 p.
583 5283 634 5330 239
653 5284 694 5332 sq.
715 5267 749 5319 de
768 5267 865 5318 semina
883 5267 1017 5318 'fulcientl
1037 5267 1100 5318 dicit
1119 5267 1242 5332 κατίχειν
1261 5267 1466 5328 erueremur.
