4780 6044
239 487 260 558 a
283 493 429 578 proprio
445 495 596 579 quodam
620 495 735 559 officio
758 494 958 558 obstetricio
974 494 1192 558 denominata
1208 509 1308 560 esset.
1333 493 1535 580 Χειρογονίαν
1552 492 1579 558 si
1597 493 1672 577 quis
1691 513 1767 556 cum
1783 459 1945 579 ’Μρμιόνη-

239 621 446 708 Καλλιγενείᾳ
469 621 719 686 consociaverit
742 620 887 684 alterum
915 641 1106 706 cognomen
1130 642 1176 684 ex
1200 619 1311 684 altero
1335 618 1580 703 explicaturus,
1605 639 1666 682 nec
1690 628 1874 702 possumus
1897 639 1947 681 re·

239 745 366 832 fragari
391 767 452 810 nec
475 746 646 812 volumus,
692 746 871 831 PergImus
894 746 939 809 de
959 746 1087 810 Cerere
1113 761 1146 809 er
1170 745 1375 828 Proserpina
1399 743 1568 808 disserere
1591 759 1625 806 et
1649 741 1827 806 nonnullas
1850 743 1950 808 theo·

240 870 311 958 logi
336 871 513 936 cuiusdam
537 871 698 954 reliquias
722 870 938 956 conligimus:

240 1014 411 1098 Porphyr.
437 1015 490 1077 De
513 1030 611 1078 antro
635 1014 786 1098 Nymph.
809 1016 857 1078 18.
886 1015 982 1101 πηγαί
1006 1017 1040 1080 δὲ
1055 1017 1107 1080 καί
1125 1015 1246 1100 νάματα
1262 1017 1360 1080 οἰκεῖα
1415 1010 1531 1076 Schol.
1583 1011 1747 1075 Ambros.
1797 1011 1946 1077 Theocr.

239 1151 306 1218 ταῖς
325 1135 464 1227 Ὑδριοὶσι
480 1139 623 1226 Νυμφαις
645 1143 698 1204 καί
720 1141 764 1204 ἔτι
787 1161 824 1224 γε
850 1141 968 1226 μᾶλλον
990 1140 1132 1226 Νύμφαις
1155 1151 1221 1218 ταῖς
1237 1142 1359 1225 ψυχαῖς,
1414 1135 1483 1202 XV
1516 1157 1569 1220 94.
1593 1135 1784 1220 Μελιτῶδες]
1809 1136 1948 1203 Μελιτώ·

240 1267 382 1344 artatae
412 1265 569 1342 Μελίσσαις
602 1265 630 1329 οί
660 1266 786 1330 παλαιοί
809 1266 942 1330 ἐκάλουν
969 1267 1082 1352 ἡδονῆς
1105 1269 1198 1344 οὔσας
1220 1266 1360 1352 έργαστι-
1415 1263 1452 1349 δη
1487 1263 1521 1327 δὲ
1556 1265 1612 1346 τὴν
1644 1262 1843 1348 Περσεφόνην
1878 1257 1950 1327 κατ’

240 1393 298 1470 κοὶς
328 1387 409 1476 (1)¹)
423 1439 452 1452 ..
484 1395 536 1456 καί
565 1393 621 1469 τὰς
652 1391 812 1478 Δήμητρος
843 1390 952 1478 ἱερείας
981 1392 1022 1469 ὡς
1049 1399 1105 1475 τῆς
1128 1391 1258 1478 χθονίοις
1282 1393 1361 1469 θεᾶς
1415 1383 1656 1473 ἀντίφρασινίη),
1681 1388 1723 1464 ὡς
1752 1389 1805 1452 καί
1832 1387 1947 1473 Κόρην,

241 1518 386 1602 μύστιδος
424 1515 472 1602 (2)
510 1516 667 1596 Μελίσσαις
706 1519 734 1581 οἱ
769 1519 894 1584 παλαιοί
932 1519 1065 1583 ἐκάλουν
1098 1515 1161 1601 (3),
1196 1515 1292 1598 αι’ντίγν
1327 1540 1360 1581 τε
1386 1553 1389 1600 2
1415 1515 1464 1578 διὰ
1486 1512 1523 1576 τὸ
1546 1515 1601 1590 τὰς
1616 1506 1768 1598 ἑταίραςέ)
1785 1513 1880 1596 αὐτῆς
1894 1515 1948 1576 καί

239 1647 296 1727 την
318 1641 424 1730 Κόρην
447 1637 694 1730 ’Μελιτέιδηληλ
718 1643 857 1729 Σελήνην
879 1665 913 1709 τε
937 1641 1033 1709 οὖσαν
1052 1643 1204 1729 γενέσεως
1226 1641 1359 1728 προστοί-
1386 1606 1389 1719 ί
1414 1648 1469 1723 τῆς
1492 1636 1653 1722 Δήμητρθς
1677 1635 1835 1713 Μελίῦῦας
1862 1636 1949 1721 λέγε·

239 1769 309 1833 τιδα
331 1767 490 1834 Μέλισσαν
513 1769 647 1834 ἐκάλουν
671 1765 719 1852 (5)
742 1764 823 1834 κτλ.’
1386 1728 1388 1843 ί
1414 1763 1492 1827 σθαι
1534 1759 1593 1846 (3).
1666 1759 1819 1843 Hesych.
1854 1782 1881 1824 s
1914 1781 1946 1826 ν.

1413 1883 1584 1969 Μέλισσαι]
1630 1887 1662 1952 αἱ
1699 1895 1755 1971 τῆς
1777 1885 1950 1972 Δήμητρος

1415 2009 1556 2098 μὺστιδες
1579 2007 1628 2096 (2)
1649 2009 1672 2096 ).

242 2170 434 2235 Addendus
468 2170 547 2234 huic
580 2171 889 2255 disputatiunculae
921 2171 1067 2234 fortasse
1100 2170 1162 2234 erit
1191 2171 1387 2255 Hesychius
1418 2193 1444 2236 s.
1475 2195 1507 2238 ν.
1535 2169 1660 2260 Μελίαι]
1691 2173 1853 2240 Μέλισσαι.
1899 2172 1949 2236 Ira

242 2296 329 2359 enlm
347 2295 527 2361 scribimus
543 2295 638 2378 quod
656 2318 839 2380 perperam
857 2314 889 2360 et
911 2297 1021 2360 editur
1047 2293 1164 2382 μελίαι]
1190 2298 1331 2383 μέλισσαι
1356 2313 1388 2362 et
1413 2298 1636 2362 addubitatur
1661 2314 1693 2363 et
1718 2299 1762 2362 de
1779 2297 1949 2382 Nymphis

242 2421 402 2485 fraxineis
419 2421 612 2506 cogitamus
629 2420 787 2504 propitiis
807 2420 990 2500 hominum,
1015 2421 1176 2486 infantum
1201 2423 1413 2505 praesertim,
1438 2423 1674 2488 adiutricibus:
1698 2424 1809 2507 ipsum
1826 2424 1948 2510 Jovem

242 2547 452 2611 nutriverunt
484 2548 625 2613 Δικταῖαι
652 2547 764 2612 Μελίαι
793 2544 940 2630 (Callim.
970 2547 1095 2630 Hymn.
1125 2547 1156 2610 in
1181 2548 1258 2634 Jov.
1283 2546 1350 2632 47).
1361 2544 1388 2633 ⁴)
1418 2549 1506 2612 ‘Hoc
1533 2548 1741 2613 vocabulum
1770 2546 1949 2634 (Μέλισσαι)

241 2672 314 2736 sive
331 2673 374 2736 de
390 2672 523 2756 Pythiis
539 2671 662 2736 dicitur
675 2671 750 2737 sive
766 2671 811 2735 de
827 2669 962 2736 Cereris
976 2687 1009 2735 et
1027 2671 1252 2756 Proserpinae
1268 2649 1517 2752 sacerdotibus;
1535 2693 1600 2737 non
1617 2693 1637 2737 a
1654 2671 1786 2736 nomiae
1802 2673 1871 2759 μέλι
1887 2673 1949 2738 sed

241 2819 263 2861 a
287 2798 397 2862 verbo
422 2797 576 2884 μελίσσειν
600 2795 792 2861 inclinatum
817 2794 903 2862 esse'
927 2813 1007 2881 post
1031 2797 1118 2864 alios
1141 2815 1234 2864 reete
1259 2797 1420 2864 iudicavit
1444 2797 1641 2862 Lobeckius
1665 2796 1900 2884 Aglaophami
1915 2819 1949 2882 p.

242 2925 305 3007 817
331 2943 395 3008 sq.:
421 2939 501 2986 nota
524 2921 678 3010 pellacem
703 2939 736 2986 et
761 2924 896 3010 μελίχιος
920 2923 1017 2987 iuxta
1041 2925 1206 3011 μειλίσσειν
1230 2939 1263 2988 et
1288 2925 1443 3012 μειλίχιος.
1483 2925 1545 2988 Est
1561 2924 1665 3010 igitur
1683 2923 1813 3012 μέλισσα
1836 2939 1949 2987 ortum

242 3071 287 3112 ex
312 3049 446 3136 μελιχία,
474 3049 548 3113 sive
569 3049 721 3113 factitivo
743 3070 844 3114 sensu
868 3049 944 3115 sive
969 3049 1104 3135 volgari
1128 3049 1202 3114 sive
1226 3066 1384 3133 utroque,
1410 3065 1443 3114 et
1466 3049 1640 3114 diversum
1665 3071 1686 3114 a
1709 3047 1824 3113 radice
1848 3049 1949 3136 μελιτι

242 3175 463 3239 conferantur
502 3173 668 3261 Εὐμενίδες
709 3175 818 3239 Diana
859 3175 977 3262 Ἡμέρα
1013 3174 1173 3262 Juppiter
1206 3171 1318 3253 Ἤπιος
1352 3173 1489 3258 ilithyia
1521 3174 1699 3262 Πραΰμητις
1732 3174 1799 3239 alia
1833 3174 1950 3240 multa.

241 3301 414 3384 Nymphis
438 3297 733 3387 aquatilibussgrip
757 3303 799 3379 εἰς
822 3302 942 3387 γένεσιν
972 3301 1135 3388 συνεργίαν
1158 3298 1341 3382 Porphyrii
1376 3313 1498 3363 auctor
1533 3304 1550 3376 5
1587 3317 1624 3384 17
1660 3298 1813 3364 attribuit
1845 3321 1950 3384 supra

241 3426 446 3509 exscriptus,
470 3437 613 3514 συνεργεῖ
632 3429 693 3512 γὰρ
715 3426 834 3512 γενέσει
856 3429 893 3491 τὸ
916 3429 1008 3513 ὕδωρ.
1055 3426 1099 3488 Et
1123 3423 1380 3508 opitulabantur
1403 3424 1521 3490 Rheae
1545 3424 1691 3509 parienti
1714 3425 1900 3510 Nymphae
1915 3440 1949 3490 et

241 3551 398 3617 fluviales
421 3551 600 3616 arcadicae
617 3549 730 3634 (Neda
753 3567 786 3616 et
804 3547 949 3636 Styxyy
974 3566 1008 3616 et
1032 3550 1202 3615 arboreae
1223 3547 1390 3636 (Philyra)
1415 3571 1448 3634 p.
1473 3549 1563 3629 XIII,
1588 3549 1746 3616 Semelae
1761 3551 1948 3616 secundum

242 3699 306 3744 vas
329 3677 470 3743 atticum
487 3677 706 3762 Panticapaei
723 3677 895 3741 inventum
911 3677 1075 3763 Nympha
1094 3676 1265 3761 quaedam
1288 3674 1456 3757 aquatilis.
1491 3677 1545 3741 De
1569 3698 1638 3759 qua
1654 3677 1787 3761 pictura
1807 3677 1949 3764 longum

243 3818 295 3868 est
328 3802 474 3868 Roberti
506 3802 819 3886 interpretationem
854 3803 1046 3868 emaculare
1081 3801 1173 3867 velle
1205 3799 1326 3864 Philol.
1360 3801 1561 3868 Untersuch.
1595 3801 1632 3866 X
1665 3804 1735 3868 tab.
1766 3804 1793 3866 II
1820 3826 1856 3889 p.
1888 3824 1951 3890 179

243 3929 468 4013 propositam.
504 3929 684 3994 Infeliciter
699 3951 742 3994 ne
758 3951 847 3994 nunc
863 3931 1002 4014 quidem
1019 3928 1217 4014 Hesychius
1232 3951 1259 3994 s.
1284 3951 1316 3994 v.
1341 3928 1571 4016 μητροπέλους]
1595 3933 1650 4008 τὰς
1672 3931 1769 3998 πάλαι
1792 3930 1950 4010 Μελίσσαις

243 4053 453 4134 declaratur,
489 4054 650 4138 quoniam
685 4055 776 4120 duae
811 4052 858 4137 (ni
890 4054 1051 4141 fallimur)
1086 4057 1236 4122 rationes
1268 4055 1464 4140 explicandi
1495 4072 1695 4140 suppetunt.
1753 4057 1869 4122 Possis
1904 4077 1950 4122 ex

244 4215 456 4226 —-—---—n—

403 4343 423 4410 ¹)
443 4345 536 4394 Exstat
559 4343 629 4394 Idem
653 4341 680 4394 ln
703 4344 786 4394 schol.
813 4343 865 4395 Od.
893 4360 907 4394 ν
934 4357 982 4408 103
1011 4343 1196 4412 ἀλληγορικῶς
1224 4345 1297 4412 λέγει
1316 4381 1323 4398 .
1343 4381 1350 4396 .
1369 4380 1376 4396 .
1395 4344 1504 4411 Nouam
1522 4346 1569 4408 τὰς
1597 4345 1690 4410 ψυχάς,
1718 4345 1766 4406 τας
1794 4345 1875 4408 αὐτὰς
1901 4347 1949 4398 καί

243 4433 373 4496 Μελίσσαις
391 4433 456 4485 teth*
496 4434 535 4485 Cf.
556 4433 674 4498 Dlltheyl
693 4433 822 4485 Analecta
842 4433 1021 4486 Calllmachea
1042 4451 1068 4500 p.
1089 4449 1121 4498 35
1142 4453 1181 4500 sq.

402 4520 539 4590 θίερείας
563 4524 632 4574 salso
652 4526 770 4588 novavit,
790 4527 840 4575 etsi
864 4537 903 4575 est
928 4528 953 4575 in
973 4526 1078 4575 schollo
1099 4525 1170 4574 Pind.
1191 4525 1264 4589 Pyth.
1285 4525 1320 4576 IV
1348 4539 1405 4589 104,
1429 4525 1547 4588 Ziegler:
1573 4525 1606 4576 cI.
1627 4524 1743 4588 Hesyeh.
1767 4539 1789 4573 s.
1809 4539 1834 4573 ν.
1852 4523 1952 4576 Καλλι-

243 4615 331 4680 γένέια
348 4615 441 4680 (supra
459 4631 486 4680 p.
497 4613 626 4678 XXXVI)
646 4626 672 4665 et
691 4625 780 4664 notum
799 4615 871 4665 Illum
891 4615 1049 4666 verslculum
1068 4614 1160 4682 Φαλῆς
1179 4615 1267 4679 έταῖρε
1285 4615 1404 4681 Βακχίου
1423 4615 1484 4665 alia.

402 4700 425 4770 ί)
445 4703 548 4754 Calllm.
567 4705 662 4768 Hymn.
682 4705 707 4753 In
727 4703 816 4768 Apoll.
841 4720 890 4754 rro
908 4707 971 4772 Δηοῖ
989 4703 1013 4757 δ’
1036 4704 1085 4756 οὐκ
1104 4705 1156 4754 ἀπὸ
1174 4705 1271 4766 παντὸς
1289 4705 1357 4770 ddum
1376 4706 1500 4769 φορέουσι
1518 4703 1652 4758 Μέλισσαι

401 4790 425 4858 ⁴)
444 4792 547 4844 chitur
563 4793 626 4842 Idae
645 4802 671 4842 et
690 4791 839 4843 Adrasteae
858 4805 935 4860 pater
954 4795 1094 4846 Melisseus
1122 4794 1315 4859 (Parmenlscus
1339 4794 1410 4858 apud
1436 4795 1505 4858 Hyg.
1525 4793 1594 4843 Astr.
1615 4793 1640 4842 II
1663 4808 1692 4856 ¹3
1712 4792 1778 4843 Fab.
1803 4797 1850 4843 182
1872 4809 1898 4858 p.
1918 4808 1950 4858 35

243 4877 330 4934 Schm.
367 4882 552 4948 Apollodorus
573 4879 583 4931 l
610 4884 669 4946 ι,6).
690 4910 722 4918 -
741 4881 865 4948 Juppiter
883 4885 1040 4946 Μελισσαῖος
1060 4884 1185 4948 (Hesych.
1210 4899 1232 4934 s.
1257 4883 1295 4948 v.)
1316 4898 1332 4931 a
1352 4882 1461 4948 μέλισσα
1483 4881 1619 4932 abstracto
1644 4879 1690 4950 (=
1707 4880 1827 4950 ἡπιέτης)
1848 4883 1952 4934 videtur

244 4972 388 5036 derivatus,
407 4983 433 5022 ut
452 4973 487 5022 sit
505 4972 575 5022 idem
593 4987 627 5021 ae
644 4971 780 5036 μειλίχιος.

403 5057 424 5126 ⁵)
445 5061 574 5126 Lepidam
603 5061 855 5112 emendatiunculam
888 5063 914 5112 iu
939 5063 1100 5126 Hesychlum
1123 5077 1144 5112 s.
1165 5077 1190 5112 v.
1209 5061 1324 5124 Ναϊάδος
1351 5062 1368 5128 'I
1396 5058 1504 5127 Ναίδος]
1532 5061 1637 5126 Μίιμφαι
1665 5060 1739 5112 ὕδατι
1762 5063 1790 5112 αί
1812 5063 1895 5126 πηγαί
1914 5063 1951 5112 ln·

244 5151 363 5202 serimus:
390 5151 495 5217 Νύμφαι
523 5151 625 5202 ίιοιίτιαι
643 5152 791 5216 πηγαῖ<οιι>
814 5153 936 5202 restituas
955 5164 980 5203 et
1001 5153 1176 5217 Porphyrium
1195 5152 1210 5201 1.
1230 5151 1246 5201 l.
1270 5167 1300 5214 ¹3
1320 5148 1445 5221 (Μϋμφαι)
1464 5152 1586 5216 ναμάτων
1604 5165 1633 5202 τι
1650 5153 1698 5201 καί
1716 5155 1806 5216 πηγῶν
1823 5155 1952 5216 προεστῶ-

243 5255 288 5290 σαι
304 5241 415 5308 αηγαῐαί
433 5255 462 5291 τι
480 5242 527 5292 καί
545 5239 640 5301 Ναίδος
658 5241 702 5293 διὰ
720 5243 800 5292 τοῦτο
817 5240 962 5308 κέκληνται
980 5241 1049 5290 allos
1068 5241 1200 5292 conferas.
