<?xml version="1.0" encoding="UTF-8"?>
<!DOCTYPE html PUBLIC "-//W3C//DTD XHTML 1.0 Transitional//EN"
    "http://www.w3.org/TR/xhtml1/DTD/xhtml1-transitional.dtd">
<html xmlns="http://www.w3.org/1999/xhtml" xml:lang="en" lang="en">
 <head>
  <title>
</title>
<meta http-equiv="Content-Type" content="text/html;charset=utf-8" />
  <meta name='ocr-system' content='tesseract 3.04.00' />
  <meta name='ocr-capabilities' content='ocr_page ocr_carea ocr_par ocr_line ocrx_word'/>
</head>
<body>
  <div class='ocr_page' id='page_1' title='image "./deaeschylisuppl00maasgoog_0021.png"; bbox 0 0 4780 6044; ppageno 0'>
   <div class='ocr_carea' id='block_1_1' title="bbox 1209 333 1294 397">
    <p class='ocr_par' dir='ltr' id='par_1_1' title="bbox 1209 333 1294 397">
     <span class='ocr_line' id='line_1_1' title="bbox 1209 333 1294 397; baseline -0.012 0"><span class='ocrx_word' id='word_1_1' title='bbox 1209 333 1294 397; x_wconf 85' lang='lat' dir='ltr'>XVI</span> 
     </span>
    </p>
   </div>
   <div class='ocr_carea' id='block_1_2' title="bbox 1143 425 1358 432">
    <p class='ocr_par' dir='ltr' id='par_1_2' title="bbox 1143 425 1358 432">
     <span class='ocr_line' id='line_1_2' title="bbox 1143 425 1358 432; baseline -0.014 0"><span class='ocrx_word' id='word_1_2' title='bbox 1143 425 1358 432; x_wconf 75' lang='lat'>----—.-..—</span> 
     </span>
    </p>
   </div>
   <div class='ocr_carea' id='block_1_3' title="bbox 397 545 2104 760">
    <p class='ocr_par' dir='ltr' id='par_1_3' title="bbox 397 519 2104 760">
     <span class='ocr_line' id='line_1_3' title="bbox 397 545 2104 636; baseline 0.002 -28"><span class='ocrx_word' id='word_1_3' title='bbox 397 545 546 610; x_wconf 85' lang='lat' dir='ltr'><strong>Accedit</strong></span> <span class='ocrx_word' id='word_1_4' title='bbox 568 545 663 630; x_wconf 94' lang='lat' dir='ltr'>quod</span> <span class='ocrx_word' id='word_1_5' title='bbox 688 559 725 610; x_wconf 93' lang='lat' dir='ltr'>ut</span> <span class='ocrx_word' id='word_1_6' title='bbox 749 545 793 633; x_wconf 86' lang='lat' dir='ltr'>Jo</span> <span class='ocrx_word' id='word_1_7' title='bbox 815 545 1001 631; x_wconf 84' lang='lat' dir='ltr'>Epaphum</span> <span class='ocrx_word' id='word_1_8' title='bbox 1025 547 1072 612; x_wconf 91' lang='lat' dir='ltr'>ita</span> <span class='ocrx_word' id='word_1_9' title='bbox 1096 545 1233 612; x_wconf 88' lang='lat' dir='ltr'>Semela</span> <span class='ocrx_word' id='word_1_10' title='bbox 1256 545 1408 634; x_wconf 79' lang='grc' dir='ltr'>Ἐπάφιον</span> <span class='ocrx_word' id='word_1_11' title='bbox 1436 570 1482 613; x_wconf 86' lang='lat' dir='ltr'>ex</span> <span class='ocrx_word' id='word_1_12' title='bbox 1505 548 1605 636; x_wconf 86' lang='lat' dir='ltr'>Jove,</span> <span class='ocrx_word' id='word_1_13' title='bbox 1637 547 1714 632; x_wconf 94' lang='lat' dir='ltr'>ipso</span> <span class='ocrx_word' id='word_1_14' title='bbox 1744 549 1832 636; x_wconf 88' lang='lat' dir='ltr'>Jove</span> <span class='ocrx_word' id='word_1_15' title='bbox 1865 549 2104 628; x_wconf 81' lang='lat' dir='ltr'>intercedente,</span> 
     </span>
     <span class='ocr_line' id='line_1_4' title="bbox 398 669 1521 760; baseline 0.004 -25"><span class='ocrx_word' id='word_1_16' title='bbox 398 672 500 735; x_wconf 87' lang='lat' dir='ltr'>enixa</span> <span class='ocrx_word' id='word_1_17' title='bbox 524 685 586 734; x_wconf 88' lang='lat' dir='ltr'>est.</span> <span class='ocrx_word' id='word_1_18' title='bbox 633 669 785 757; x_wconf 78' lang='grc' dir='ltr'>Ἐπάφιον</span> <span class='ocrx_word' id='word_1_19' title='bbox 809 672 895 736; x_wconf 90' lang='lat' dir='ltr'>enim</span> <span class='ocrx_word' id='word_1_20' title='bbox 919 672 1091 736; x_wconf 88' lang='lat' dir='ltr'>Bacchum</span> <span class='ocrx_word' id='word_1_21' title='bbox 1114 673 1341 760; x_wconf 88' lang='lat' dir='ltr'>indigitabant</span> <span class='ocrx_word' id='word_1_22' title='bbox 1365 673 1521 760; x_wconf 90' lang='lat' dir='ltr'>Orphici:</span> 
     </span>
    </p>
   </div>
   <div class='ocr_carea' id='block_1_4' title="bbox 307 797 2110 4918">
    <p class='ocr_par' dir='ltr' id='par_1_4' title="bbox 718 797 1800 890">
     <span class='ocr_line' id='line_1_5' title="bbox 718 797 1800 890; baseline 0.001 -27"><span class='ocrx_word' id='word_1_23' title='bbox 718 798 887 886; x_wconf 78' lang='grc' dir='ltr'>ρηξέχθων,</span> <span class='ocrx_word' id='word_1_24' title='bbox 911 799 1107 885; x_wconf 85' lang='grc' dir='ltr'>πυριφεγγές,</span> <span class='ocrx_word' id='word_1_25' title='bbox 1132 797 1274 886; x_wconf 80' lang='grc' dir='ltr'>Ἐπάφιε,</span> <span class='ocrx_word' id='word_1_26' title='bbox 1298 813 1392 888; x_wconf 83' lang='grc' dir='ltr'>ιιοῠρε</span> <span class='ocrx_word' id='word_1_27' title='bbox 1416 803 1544 890; x_wconf 76' lang='grc' dir='ltr'>διμῆτορ</span> <span class='ocrx_word' id='word_1_28' title='bbox 1567 800 1708 886; x_wconf 90' lang='lat' dir='ltr'>(Hymn.</span> <span class='ocrx_word' id='word_1_29' title='bbox 1734 800 1800 887; x_wconf 85' lang='lat'>52).</span> 
     </span>
    </p>

    <p class='ocr_par' dir='ltr' id='par_1_5' title="bbox 717 925 1544 1013">
     <span class='ocr_line' id='line_1_6' title="bbox 717 925 1544 1013; baseline 0.004 -23"><span class='ocrx_word' id='word_1_30' title='bbox 717 925 906 990; x_wconf 74' lang='grc' dir='ltr'>παυσίπονον</span> <span class='ocrx_word' id='word_1_31' title='bbox 929 925 1071 1011; x_wconf 80' lang='grc' dir='ltr'>θνητοῖσι</span> <span class='ocrx_word' id='word_1_32' title='bbox 1094 928 1199 1010; x_wconf 74' lang='grc' dir='ltr'>φανεὶς</span> <span class='ocrx_word' id='word_1_33' title='bbox 1221 929 1308 1011; x_wconf 76' lang='grc' dir='ltr'>ἄκος,</span> <span class='ocrx_word' id='word_1_34' title='bbox 1334 929 1412 1013; x_wconf 78' lang='grc' dir='ltr'>ἱερὸν</span> <span class='ocrx_word' id='word_1_35' title='bbox 1436 929 1544 1012; x_wconf 75' lang='grc' dir='ltr'>ἄνθος,</span> 
     </span>
    </p>

    <p class='ocr_par' dir='ltr' id='par_1_6' title="bbox 307 1048 2108 3022">
     <span class='ocr_line' id='line_1_7' title="bbox 717 1048 1809 1139; baseline 0.004 -27"><span class='ocrx_word' id='word_1_36' title='bbox 717 1049 824 1137; x_wconf 80' lang='grc' dir='ltr'>χάρμα</span> <span class='ocrx_word' id='word_1_37' title='bbox 847 1051 974 1136; x_wconf 85' lang='grc' dir='ltr'>βροτοῖς,</span> <span class='ocrx_word' id='word_1_38' title='bbox 999 1050 1164 1136; x_wconf 78' lang='grc' dir='ltr'>φιλάλυπε,</span> <span class='ocrx_word' id='word_1_39' title='bbox 1188 1048 1329 1137; x_wconf 82' lang='grc' dir='ltr'>Ἐπάφιε,</span> <span class='ocrx_word' id='word_1_40' title='bbox 1353 1051 1552 1139; x_wconf 80' lang='grc' dir='ltr'>καλλιέθειρε</span> <span class='ocrx_word' id='word_1_41' title='bbox 1576 1051 1717 1138; x_wconf 87' lang='lat' dir='ltr'>(Hymn.</span> <span class='ocrx_word' id='word_1_42' title='bbox 1742 1052 1809 1137; x_wconf 82' lang='lat'>50).</span> 
     </span>
     <span class='ocr_line' id='line_1_8' title="bbox 398 1173 2105 1264; baseline 0.002 -26"><span class='ocrx_word' id='word_1_43' title='bbox 398 1173 597 1240; x_wconf 89' lang='lat' dir='ltr'>Incredulus</span> <span class='ocrx_word' id='word_1_44' title='bbox 613 1195 647 1258; x_wconf 87' lang='lat' dir='ltr'>p.</span> <span class='ocrx_word' id='word_1_45' title='bbox 664 1195 730 1258; x_wconf 82' lang='lat'>3¹4</span> <span class='ocrx_word' id='word_1_46' title='bbox 755 1177 967 1242; x_wconf 88' lang='lat' dir='ltr'>Hermannus</span> <span class='ocrx_word' id='word_1_47' title='bbox 990 1173 1133 1241; x_wconf 83' lang='lat' dir='ltr'>‘accidit&#39;</span> <span class='ocrx_word' id='word_1_48' title='bbox 1155 1177 1262 1261; x_wconf 91' lang='lat' dir='ltr'>inquit</span> <span class='ocrx_word' id='word_1_49' title='bbox 1279 1175 1319 1243; x_wconf 83' lang='lat' dir='ltr'>‘in</span> <span class='ocrx_word' id='word_1_50' title='bbox 1336 1179 1403 1242; x_wconf 93' lang='lat' dir='ltr'>hoc</span> <span class='ocrx_word' id='word_1_51' title='bbox 1418 1179 1554 1243; x_wconf 91' lang='lat' dir='ltr'>nomine</span> <span class='ocrx_word' id='word_1_52' title='bbox 1570 1196 1606 1243; x_wconf 90' lang='lat' dir='ltr'>ut</span> <span class='ocrx_word' id='word_1_53' title='bbox 1622 1179 1858 1262; x_wconf 83' lang='lat' dir='ltr'>interpretatio</span> <span class='ocrx_word' id='word_1_54' title='bbox 1876 1199 1941 1262; x_wconf 92' lang='lat' dir='ltr'>pro</span> <span class='ocrx_word' id='word_1_55' title='bbox 1957 1178 2105 1264; x_wconf 89' lang='lat' dir='ltr'>genuino</span> 
     </span>
     <span class='ocr_line' id='line_1_9' title="bbox 404 1300 2108 1390; baseline 0 -24"><span class='ocrx_word' id='word_1_56' title='bbox 404 1300 580 1366; x_wconf 90' lang='lat' dir='ltr'>vocabulo</span> <span class='ocrx_word' id='word_1_57' title='bbox 603 1301 634 1365; x_wconf 94' lang='lat' dir='ltr'>in</span> <span class='ocrx_word' id='word_1_58' title='bbox 659 1315 793 1366; x_wconf 87' lang='lat' dir='ltr'>textum</span> <span class='ocrx_word' id='word_1_59' title='bbox 817 1303 1038 1386; x_wconf 87' lang='lat' dir='ltr'>reciperetur.</span> <span class='ocrx_word' id='word_1_60' title='bbox 1085 1301 1279 1388; x_wconf 88' lang='lat' dir='ltr'>Scripserat</span> <span class='ocrx_word' id='word_1_61' title='bbox 1303 1321 1408 1388; x_wconf 90' lang='lat' dir='ltr'>poeta</span> <span class='ocrx_word' id='word_1_62' title='bbox 1432 1302 1581 1390; x_wconf 76' lang='grc' dir='ltr'>ἔφαπτορ</span> <span class='ocrx_word' id='word_1_63' title='bbox 1604 1321 1637 1368; x_wconf 91' lang='lat' dir='ltr'>et</span> <span class='ocrx_word' id='word_1_64' title='bbox 1669 1303 1854 1389; x_wconf 90' lang='lat' dir='ltr'>Supplices</span> <span class='ocrx_word' id='word_1_65' title='bbox 1888 1302 2108 1388; x_wconf 88' lang='lat' dir='ltr'>Aeschylcas</span> 
     </span>
     <span class='ocr_line' id='line_1_10' title="bbox 398 1427 2106 1514; baseline 0 -22"><span class='ocrx_word' id='word_1_66' title='bbox 398 1444 584 1511; x_wconf 88' lang='lat' dir='ltr'>comparat.</span> <span class='ocrx_word' id='word_1_67' title='bbox 622 1429 696 1491; x_wconf 92' lang='lat' dir='ltr'>Nos</span> <span class='ocrx_word' id='word_1_68' title='bbox 711 1428 742 1491; x_wconf 93' lang='lat' dir='ltr'>in</span> <span class='ocrx_word' id='word_1_69' title='bbox 766 1428 818 1492; x_wconf 92' lang='lat' dir='ltr'>his</span> <span class='ocrx_word' id='word_1_70' title='bbox 842 1430 1043 1512; x_wconf 89' lang='lat' dir='ltr'>praesertim</span> <span class='ocrx_word' id='word_1_71' title='bbox 1065 1429 1184 1494; x_wconf 89' lang='lat' dir='ltr'>litteris</span> <span class='ocrx_word' id='word_1_72' title='bbox 1201 1428 1284 1493; x_wconf 94' lang='lat' dir='ltr'>illud</span> <span class='ocrx_word' id='word_1_73' title='bbox 1302 1429 1413 1514; x_wconf 91' lang='lat' dir='ltr'>quarti</span> <span class='ocrx_word' id='word_1_74' title='bbox 1430 1429 1529 1513; x_wconf 90' lang='lat' dir='ltr'>pedis</span> <span class='ocrx_word' id='word_1_75' title='bbox 1547 1429 1665 1494; x_wconf 92' lang='lat' dir='ltr'>vitium</span> <span class='ocrx_word' id='word_1_76' title='bbox 1681 1428 1831 1493; x_wconf 87' lang='lat' dir='ltr'>tolerare</span> <span class='ocrx_word' id='word_1_77' title='bbox 1847 1427 2026 1507; x_wconf 74' lang='lat' dir='ltr'>malumne,</span> <span class='ocrx_word' id='word_1_78' title='bbox 2043 1429 2106 1494; x_wconf 91' lang='lat' dir='ltr'>sed</span> 
     </span>
     <span class='ocr_line' id='line_1_11' title="bbox 398 1552 2106 1640; baseline 0.001 -23"><span class='ocrx_word' id='word_1_79' title='bbox 398 1553 443 1617; x_wconf 92' lang='lat' dir='ltr'>de</span> <span class='ocrx_word' id='word_1_80' title='bbox 460 1552 668 1637; x_wconf 87' lang='lat' dir='ltr'>explicanda</span> <span class='ocrx_word' id='word_1_81' title='bbox 683 1574 772 1618; x_wconf 91' lang='lat' dir='ltr'>voce</span> <span class='ocrx_word' id='word_1_82' title='bbox 788 1554 955 1619; x_wconf 90' lang='lat' dir='ltr'>dissentiri</span> <span class='ocrx_word' id='word_1_83' title='bbox 973 1575 1077 1640; x_wconf 87' lang='lat' dir='ltr'>posse</span> <span class='ocrx_word' id='word_1_84' title='bbox 1093 1556 1247 1620; x_wconf 83' lang='lat' dir='ltr'>fatemur.</span> <span class='ocrx_word' id='word_1_85' title='bbox 1272 1552 1320 1619; x_wconf 87' lang='lat' dir='ltr'>‘In</span> <span class='ocrx_word' id='word_1_86' title='bbox 1336 1555 1388 1618; x_wconf 90' lang='lat' dir='ltr'>his</span> <span class='ocrx_word' id='word_1_87' title='bbox 1404 1553 1563 1619; x_wconf 90' lang='lat' dir='ltr'>versibus</span> <span class='ocrx_word' id='word_1_88' title='bbox 1579 1555 1733 1620; x_wconf 89' lang='lat' dir='ltr'>Bacchus</span> <span class='ocrx_word' id='word_1_89' title='bbox 1746 1577 1809 1638; x_wconf 89' lang='lat' dir='ltr'>per</span> <span class='ocrx_word' id='word_1_90' title='bbox 1822 1555 1856 1619; x_wconf 96' lang='lat' dir='ltr'>id</span> <span class='ocrx_word' id='word_1_91' title='bbox 1873 1555 1995 1640; x_wconf 91' lang='lat' dir='ltr'>ipsum,</span> <span class='ocrx_word' id='word_1_92' title='bbox 2010 1555 2106 1639; x_wconf 92' lang='lat' dir='ltr'>quod</span> 
     </span>
     <span class='ocr_line' id='line_1_12' title="bbox 398 1677 2105 1767; baseline -0.002 -21"><span class='ocrx_word' id='word_1_93' title='bbox 398 1681 528 1766; x_wconf 83' lang='grc' dir='ltr'>έπάφιος</span> <span class='ocrx_word' id='word_1_94' title='bbox 545 1695 597 1744; x_wconf 89' lang='lat' dir='ltr'>est</span> <span class='ocrx_word' id='word_1_95' title='bbox 621 1679 657 1743; x_wconf 89' lang='lat' dir='ltr'>fit</span> <span class='ocrx_word' id='word_1_96' title='bbox 674 1680 866 1759; x_wconf 79' lang='grc' dir='ltr'>παυσίλυπος</span> <span class='ocrx_word' id='word_1_97' title='bbox 890 1693 924 1744; x_wconf 93' lang='lat' dir='ltr'>et</span> <span class='ocrx_word' id='word_1_98' title='bbox 948 1677 1127 1766; x_wconf 79' lang='grc' dir='ltr'>φιλάπονος’</span> <span class='ocrx_word' id='word_1_99' title='bbox 1149 1680 1327 1746; x_wconf 84' lang='lat' dir='ltr'>adnotavit</span> <span class='ocrx_word' id='word_1_100' title='bbox 1355 1679 1435 1744; x_wconf 92' lang='lat' dir='ltr'>olim</span> <span class='ocrx_word' id='word_1_101' title='bbox 1461 1681 1637 1744; x_wconf 88' lang='lat' dir='ltr'>Gesnerus</span> <span class='ocrx_word' id='word_1_102' title='bbox 1661 1702 1694 1765; x_wconf 92' lang='lat' dir='ltr'>p.</span> <span class='ocrx_word' id='word_1_103' title='bbox 1712 1682 1778 1767; x_wconf 91' lang='lat'>476</span> <span class='ocrx_word' id='word_1_104' title='bbox 1794 1681 1838 1744; x_wconf 92' lang='lat' dir='ltr'>H.</span> <span class='ocrx_word' id='word_1_105' title='bbox 1873 1681 1916 1745; x_wconf 89' lang='lat' dir='ltr'>Et</span> <span class='ocrx_word' id='word_1_106' title='bbox 1934 1681 2105 1744; x_wconf 89' lang='lat' dir='ltr'>Bacchum</span> 
     </span>
     <span class='ocr_line' id='line_1_13' title="bbox 397 1775 2104 1893; baseline -0.001 -23"><span class='ocrx_word' id='word_1_107' title='bbox 397 1806 554 1871; x_wconf 90' lang='lat' dir='ltr'>novimus</span> <span class='ocrx_word' id='word_1_108' title='bbox 585 1801 728 1893; x_wconf 82' lang='grc' dir='ltr'>Ὑγιάτην</span> <span class='ocrx_word' id='word_1_109' title='bbox 760 1803 878 1892; x_wconf 85' lang='grc' dir='ltr'>Ἰατρόν</span> <span class='ocrx_word' id='word_1_110' title='bbox 909 1806 1062 1874; x_wconf 79' lang='grc' dir='ltr'>Παιώνιον</span> <span class='ocrx_word' id='word_1_111' title='bbox 1070 1803 1106 1890; x_wconf 85' lang='lat'>¹).</span> <span class='ocrx_word' id='word_1_112' title='bbox 1160 1807 1280 1889; x_wconf 90' lang='lat' dir='ltr'>Itaque</span> <span class='ocrx_word' id='word_1_113' title='bbox 1311 1806 1438 1871; x_wconf 87' lang='lat' dir='ltr'>dictum</span> <span class='ocrx_word' id='word_1_114' title='bbox 1472 1822 1572 1891; x_wconf 90' lang='lat' dir='ltr'>putat</span> <span class='ocrx_word' id='word_1_115' title='bbox 1600 1775 1747 1893; x_wconf 85' lang='grc' dir='ltr'>Ἔπαφον</span> <span class='ocrx_word' id='word_1_116' title='bbox 1770 1807 1868 1870; x_wconf 87' lang='lat' dir='ltr'>iuxta</span> <span class='ocrx_word' id='word_1_117' title='bbox 1891 1803 2044 1892; x_wconf 82' lang='grc' dir='ltr'>Ἐπαὶφιον</span> <span class='ocrx_word' id='word_1_118' title='bbox 2068 1820 2104 1869; x_wconf 94' lang='lat' dir='ltr'>ut</span> 
     </span>
     <span class='ocr_line' id='line_1_14' title="bbox 397 1929 2105 2018; baseline -0.003 -20"><span class='ocrx_word' id='word_1_119' title='bbox 397 1932 526 1998; x_wconf 82' lang='grc' dir='ltr'>Παιῶνα</span> <span class='ocrx_word' id='word_1_120' title='bbox 541 1933 639 1997; x_wconf 88' lang='lat' dir='ltr'>iuxta</span> <span class='ocrx_word' id='word_1_121' title='bbox 654 1931 807 1998; x_wconf 83' lang='grc' dir='ltr'>Παιώνιον</span> <span class='ocrx_word' id='word_1_122' title='bbox 823 1953 889 1995; x_wconf 93' lang='lat' dir='ltr'>non</span> <span class='ocrx_word' id='word_1_123' title='bbox 905 1931 1042 1996; x_wconf 88' lang='lat' dir='ltr'>inversa</span> <span class='ocrx_word' id='word_1_124' title='bbox 1058 1933 1155 1997; x_wconf 90' lang='lat' dir='ltr'>vocis</span> <span class='ocrx_word' id='word_1_125' title='bbox 1172 1930 1406 2016; x_wconf 84' lang='lat' dir='ltr'>appellativae</span> <span class='ocrx_word' id='word_1_126' title='bbox 1421 1932 1596 1997; x_wconf 87' lang='lat' dir='ltr'>sententia.</span> <span class='ocrx_word' id='word_1_127' title='bbox 1626 1931 1746 1996; x_wconf 90' lang='lat' dir='ltr'>Posset</span> <span class='ocrx_word' id='word_1_128' title='bbox 1763 1949 1876 1996; x_wconf 90' lang='lat' dir='ltr'>tamen</span> <span class='ocrx_word' id='word_1_129' title='bbox 1893 1929 2043 2018; x_wconf 80' lang='grc' dir='ltr'>Ἐπάφιος</span> <span class='ocrx_word' id='word_1_130' title='bbox 2060 1931 2105 1994; x_wconf 90' lang='lat' dir='ltr'>ab</span> 
     </span>
     <span class='ocr_line' id='line_1_15' title="bbox 397 2055 2105 2145; baseline -0.002 -21"><span class='ocrx_word' id='word_1_131' title='bbox 397 2057 542 2145; x_wconf 86' lang='grc' dir='ltr'>Ἔπαφος</span> <span class='ocrx_word' id='word_1_132' title='bbox 558 2059 604 2123; x_wconf 86' lang='lat' dir='ltr'>ita</span> <span class='ocrx_word' id='word_1_133' title='bbox 620 2057 774 2136; x_wconf 79' lang='lat' dir='ltr'>discerni,</span> <span class='ocrx_word' id='word_1_134' title='bbox 792 2057 928 2122; x_wconf 91' lang='lat' dir='ltr'>utillud</span> <span class='ocrx_word' id='word_1_135' title='bbox 950 2081 1072 2123; x_wconf 88' lang='lat' dir='ltr'>revera</span> <span class='ocrx_word' id='word_1_136' title='bbox 1089 2059 1294 2124; x_wconf 91' lang='lat' dir='ltr'>adiectivum</span> <span class='ocrx_word' id='word_1_137' title='bbox 1315 2059 1367 2138; x_wconf 91' lang='lat' dir='ltr'>sit,</span> <span class='ocrx_word' id='word_1_138' title='bbox 1385 2059 1675 2144; x_wconf 87' lang='lat' dir='ltr'>quemadmodum</span> <span class='ocrx_word' id='word_1_139' title='bbox 1693 2057 1826 2142; x_wconf 92' lang='lat' dir='ltr'>Apollo</span> <span class='ocrx_word' id='word_1_140' title='bbox 1843 2055 1990 2136; x_wconf 82' lang='grc' dir='ltr'>Ἰασένιος</span> <span class='ocrx_word' id='word_1_141' title='bbox 2011 2057 2105 2141; x_wconf 89' lang='lat' dir='ltr'>apud</span> 
     </span>
     <span class='ocr_line' id='line_1_16' title="bbox 399 2182 2106 2272; baseline 0 -24"><span class='ocrx_word' id='word_1_142' title='bbox 399 2184 589 2268; x_wconf 88' lang='lat' dir='ltr'>Cyzicenos</span> <span class='ocrx_word' id='word_1_143' title='bbox 602 2183 724 2269; x_wconf 90' lang='lat' dir='ltr'>(schol.</span> <span class='ocrx_word' id='word_1_144' title='bbox 742 2183 862 2268; x_wconf 90' lang='lat' dir='ltr'>Apoll.</span> <span class='ocrx_word' id='word_1_145' title='bbox 886 2185 900 2248; x_wconf 93' lang='lat'><em>1</em></span> <span class='ocrx_word' id='word_1_146' title='bbox 923 2183 1013 2270; x_wconf 90' lang='lat'>966),</span> <span class='ocrx_word' id='word_1_147' title='bbox 1038 2183 1094 2249; x_wconf 89' lang='lat' dir='ltr'>v&#39;el</span> <span class='ocrx_word' id='word_1_148' title='bbox 1119 2185 1394 2270; x_wconf 89' lang='lat' dir='ltr'>patronymicum</span> <span class='ocrx_word' id='word_1_149' title='bbox 1419 2185 1535 2268; x_wconf 87' lang='lat' dir='ltr'>potius</span> <span class='ocrx_word' id='word_1_150' title='bbox 1559 2185 1776 2263; x_wconf 86' lang='lat' dir='ltr'>adiectivum,</span> <span class='ocrx_word' id='word_1_151' title='bbox 1795 2200 1831 2248; x_wconf 93' lang='lat' dir='ltr'>ut</span> <span class='ocrx_word' id='word_1_152' title='bbox 1847 2182 2020 2272; x_wconf 71' lang='grc' dir='ltr'>Ἀχιθιλειος</span> <span class='ocrx_word' id='word_1_153' title='bbox 2036 2194 2106 2261; x_wconf 85' lang='grc' dir='ltr'>παῖς</span> 
     </span>
     <span class='ocr_line' id='line_1_17' title="bbox 398 2305 2107 2399; baseline -0.002 -23"><span class='ocrx_word' id='word_1_154' title='bbox 398 2308 575 2398; x_wconf 67' lang='grc' dir='ltr'>Ἡράνλειοι</span> <span class='ocrx_word' id='word_1_155' title='bbox 602 2313 707 2390; x_wconf 81' lang='grc' dir='ltr'>παῖδες</span> <span class='ocrx_word' id='word_1_156' title='bbox 717 2305 744 2394; x_wconf 78' lang='lat'>²)</span> <span class='ocrx_word' id='word_1_157' title='bbox 767 2311 838 2390; x_wconf 85' lang='grc' dir='ltr'>Δῖος</span> <span class='ocrx_word' id='word_1_158' title='bbox 866 2311 970 2397; x_wconf 82' lang='grc' dir='ltr'>πόρτις</span> <span class='ocrx_word' id='word_1_159' title='bbox 999 2307 1065 2396; x_wconf 75' lang='lat' dir='ltr'>‘rip</span> <span class='ocrx_word' id='word_1_160' title='bbox 1087 2311 1257 2398; x_wconf 79' lang='grc' dir='ltr'>Εὐρυτείαν</span> <span class='ocrx_word' id='word_1_161' title='bbox 1280 2311 1376 2376; x_wconf 75' lang='grc' dir='ltr'>οἶσθα</span> <span class='ocrx_word' id='word_1_162' title='bbox 1399 2314 1478 2398; x_wconf 83' lang='grc' dir='ltr'>δῆτα</span> <span class='ocrx_word' id='word_1_163' title='bbox 1501 2308 1670 2399; x_wconf 89' lang='grc' dir='ltr'>παρθένον’</span> <span class='ocrx_word' id='word_1_164' title='bbox 1700 2309 1809 2396; x_wconf 93' lang='lat' dir='ltr'>Soph.</span> <span class='ocrx_word' id='word_1_165' title='bbox 1834 2309 1994 2374; x_wconf 87' lang='lat' dir='ltr'>Trachin.</span> <span class='ocrx_word' id='word_1_166' title='bbox 2023 2329 2107 2392; x_wconf 90' lang='lat'><em>1219</em></span> 
     </span>
     <span class='ocr_line' id='line_1_18' title="bbox 307 2433 2107 2524; baseline -0.001 -24"><span class='ocrx_word' id='word_1_167' title='bbox 307 2469 309 2474; x_wconf 96' lang='lat'>·</span> <span class='ocrx_word' id='word_1_168' title='bbox 398 2436 465 2501; x_wconf 91' lang='lat' dir='ltr'>alia</span> <span class='ocrx_word' id='word_1_169' title='bbox 497 2436 614 2515; x_wconf 91' lang='lat' dir='ltr'>multa,</span> <span class='ocrx_word' id='word_1_170' title='bbox 649 2452 683 2501; x_wconf 88' lang='lat' dir='ltr'>et</span> <span class='ocrx_word' id='word_1_171' title='bbox 716 2452 767 2501; x_wconf 90' lang='lat' dir='ltr'>est</span> <span class='ocrx_word' id='word_1_172' title='bbox 803 2435 956 2501; x_wconf 87' lang='lat' dir='ltr'>Bacchus</span> <span class='ocrx_word' id='word_1_173' title='bbox 989 2457 1055 2500; x_wconf 93' lang='lat' dir='ltr'>non</span> <span class='ocrx_word' id='word_1_174' title='bbox 1087 2437 1193 2500; x_wconf 90' lang='lat' dir='ltr'>modo</span> <span class='ocrx_word' id='word_1_175' title='bbox 1225 2437 1362 2521; x_wconf 90' lang='lat' dir='ltr'>Epaphi</span> <span class='ocrx_word' id='word_1_176' title='bbox 1391 2436 1488 2524; x_wconf 88' lang='lat' dir='ltr'>Jovis</span> <span class='ocrx_word' id='word_1_177' title='bbox 1518 2437 1617 2515; x_wconf 86' lang='lat' dir='ltr'>filius,</span> <span class='ocrx_word' id='word_1_178' title='bbox 1651 2436 1713 2502; x_wconf 90' lang='lat' dir='ltr'>sed</span> <span class='ocrx_word' id='word_1_179' title='bbox 1748 2435 1900 2519; x_wconf 87' lang='lat' dir='ltr'>ejusdem</span> <span class='ocrx_word' id='word_1_180' title='bbox 1932 2433 2107 2519; x_wconf 89' lang='lat' dir='ltr'>praesidio</span> 
     </span>
     <span class='ocr_line' id='line_1_19' title="bbox 399 2557 2107 2647; baseline 0.001 -23"><span class='ocrx_word' id='word_1_181' title='bbox 399 2562 564 2626; x_wconf 87' lang='lat' dir='ltr'>moriente</span> <span class='ocrx_word' id='word_1_182' title='bbox 597 2578 705 2626; x_wconf 88' lang='lat' dir='ltr'>matre</span> <span class='ocrx_word' id='word_1_183' title='bbox 732 2559 843 2626; x_wconf 87' lang='lat' dir='ltr'>lucem</span> <span class='ocrx_word' id='word_1_184' title='bbox 872 2562 1045 2647; x_wconf 89' lang='lat' dir='ltr'>adspexit.</span> <span class='ocrx_word' id='word_1_185' title='bbox 1102 2562 1213 2626; x_wconf 88' lang='lat' dir='ltr'>Favet</span> <span class='ocrx_word' id='word_1_186' title='bbox 1248 2563 1325 2627; x_wconf 90' lang='lat' dir='ltr'>huic</span> <span class='ocrx_word' id='word_1_187' title='bbox 1361 2561 1594 2647; x_wconf 89' lang='lat' dir='ltr'>explicationi,</span> <span class='ocrx_word' id='word_1_188' title='bbox 1635 2563 1731 2646; x_wconf 94' lang='lat' dir='ltr'>quod</span> <span class='ocrx_word' id='word_1_189' title='bbox 1768 2561 1951 2627; x_wconf 91' lang='lat' dir='ltr'>vocativus</span> <span class='ocrx_word' id='word_1_190' title='bbox 1974 2557 2107 2646; x_wconf 81' lang='grc' dir='ltr'>Ἐπάφιε</span> 
     </span>
     <span class='ocr_line' id='line_1_20' title="bbox 400 2686 2106 2774; baseline -0.002 -22"><span class='ocrx_word' id='word_1_191' title='bbox 400 2687 564 2772; x_wconf 90' lang='lat' dir='ltr'>quattuor</span> <span class='ocrx_word' id='word_1_192' title='bbox 585 2688 751 2754; x_wconf 90' lang='lat' dir='ltr'>brevibus</span> <span class='ocrx_word' id='word_1_193' title='bbox 773 2689 912 2774; x_wconf 89' lang='lat' dir='ltr'>insignis</span> <span class='ocrx_word' id='word_1_194' title='bbox 929 2687 1037 2753; x_wconf 89' lang='lat' dir='ltr'>multo</span> <span class='ocrx_word' id='word_1_195' title='bbox 1055 2689 1156 2753; x_wconf 91' lang='lat' dir='ltr'>etiam</span> <span class='ocrx_word' id='word_1_196' title='bbox 1180 2688 1290 2774; x_wconf 90' lang='lat' dir='ltr'>magis</span> <span class='ocrx_word' id='word_1_197' title='bbox 1315 2709 1417 2772; x_wconf 90' lang='lat' dir='ltr'>quam</span> <span class='ocrx_word' id='word_1_198' title='bbox 1440 2686 1566 2774; x_wconf 88' lang='grc' dir='ltr'>Ἔπαφε</span> <span class='ocrx_word' id='word_1_199' title='bbox 1591 2687 1766 2772; x_wconf 90' lang='lat' dir='ltr'>dactylico</span> <span class='ocrx_word' id='word_1_200' title='bbox 1790 2703 1899 2752; x_wconf 91' lang='lat' dir='ltr'>metro</span> <span class='ocrx_word' id='word_1_201' title='bbox 1922 2701 2106 2772; x_wconf 83' lang='lat' dir='ltr'>repugnat,</span> 
     </span>
     <span class='ocr_line' id='line_1_21' title="bbox 399 2811 2107 2898; baseline -0.003 -18"><span class='ocrx_word' id='word_1_202' title='bbox 399 2811 621 2880; x_wconf 72' lang='lat' dir='ltr'>ut&#39;de&#39;serturi</span> <span class='ocrx_word' id='word_1_203' title='bbox 638 2814 781 2898; x_wconf 87' lang='lat' dir='ltr'>Orphici</span> <span class='ocrx_word' id='word_1_204' title='bbox 797 2830 925 2898; x_wconf 90' lang='lat' dir='ltr'>poetae</span> <span class='ocrx_word' id='word_1_205' title='bbox 941 2815 1207 2878; x_wconf 89' lang='lat' dir='ltr'>commodiorem</span> <span class='ocrx_word' id='word_1_206' title='bbox 1225 2813 1338 2879; x_wconf 90' lang='lat' dir='ltr'>versui</span> <span class='ocrx_word' id='word_1_207' title='bbox 1360 2819 1503 2878; x_wconf 87' lang='lat' dir='ltr'>iormam</span> <span class='ocrx_word' id='word_1_208' title='bbox 1527 2813 1588 2878; x_wconf 91' lang='lat' dir='ltr'>nisi</span> <span class='ocrx_word' id='word_1_209' title='bbox 1610 2813 1721 2880; x_wconf 88' lang='lat' dir='ltr'>coacti</span> <span class='ocrx_word' id='word_1_210' title='bbox 1738 2813 1887 2897; x_wconf 89' lang='lat' dir='ltr'>quadarn</span> <span class='ocrx_word' id='word_1_211' title='bbox 1905 2812 2107 2876; x_wconf 86' lang='lat' dir='ltr'>necessitate</span> 
     </span>
     <span class='ocr_line' id='line_1_22' title="bbox 400 2938 2107 3022; baseline -0.002 -16"><span class='ocrx_word' id='word_1_212' title='bbox 400 2962 467 3006; x_wconf 93' lang='lat' dir='ltr'>non</span> <span class='ocrx_word' id='word_1_213' title='bbox 492 2941 595 3006; x_wconf 87' lang='lat' dir='ltr'>fuisse</span> <span class='ocrx_word' id='word_1_214' title='bbox 618 2939 767 3004; x_wconf 86' lang='lat' dir='ltr'>debeant</span> <span class='ocrx_word' id='word_1_215' title='bbox 791 2939 930 3006; x_wconf 90' lang='lat' dir='ltr'>censeri.</span> <span class='ocrx_word' id='word_1_216' title='bbox 975 2940 1151 3006; x_wconf 88' lang='lat' dir='ltr'>Metricam</span> <span class='ocrx_word' id='word_1_217' title='bbox 1175 2938 1408 3005; x_wconf 86' lang='lat' dir='ltr'>difficultatem</span> <span class='ocrx_word' id='word_1_218' title='bbox 1434 2940 1520 3004; x_wconf 89' lang='lat' dir='ltr'>bene</span> <span class='ocrx_word' id='word_1_219' title='bbox 1535 2941 1677 3004; x_wconf 91' lang='lat' dir='ltr'>Nonnus</span> <span class='ocrx_word' id='word_1_220' title='bbox 1702 2938 1842 3004; x_wconf 86' lang='lat' dir='ltr'>evitavit</span> <span class='ocrx_word' id='word_1_221' title='bbox 1867 2939 1988 3022; x_wconf 87' lang='lat'>111287</span> <span class='ocrx_word' id='word_1_222' title='bbox 2014 2958 2107 3020; x_wconf 86' lang='lat' dir='ltr'>sqq:</span> 
     </span>
    </p>

    <p class='ocr_par' dir='ltr' id='par_1_7' title="bbox 825 3063 1632 3406">
     <span class='ocr_line' id='line_1_23' title="bbox 1114 3063 1632 3152; baseline 0.004 -21"><span class='ocrx_word' id='word_1_223' title='bbox 1114 3066 1230 3152; x_wconf 78' lang='grc' dir='ltr'>Λιβύης</span> <span class='ocrx_word' id='word_1_224' title='bbox 1252 3063 1279 3132; x_wconf 91' lang='grc' dir='ltr'>δ’</span> <span class='ocrx_word' id='word_1_225' title='bbox 1302 3069 1351 3132; x_wconf 75' lang='grc' dir='ltr'>ἐπὶ</span> <span class='ocrx_word' id='word_1_226' title='bbox 1375 3065 1632 3133; x_wconf 65' lang='lat' dir='ltr'>removeretur</span> 
     </span>
     <span class='ocr_line' id='line_1_24' title="bbox 825 3191 1622 3280; baseline 0.001 -23"><span class='ocrx_word' id='word_1_227' title='bbox 825 3191 984 3280; x_wconf 79' lang='grc' dir='ltr'>Μέμφιδος</span> <span class='ocrx_word' id='word_1_228' title='bbox 1006 3196 1094 3280; x_wconf 77' lang='grc' dir='ltr'>ἄχρις</span> <span class='ocrx_word' id='word_1_229' title='bbox 1116 3197 1204 3259; x_wconf 79' lang='grc' dir='ltr'>ἵκανε</span> <span class='ocrx_word' id='word_1_230' title='bbox 1227 3194 1407 3260; x_wconf 84' lang='grc' dir='ltr'>Ποσειδάων</span> <span class='ocrx_word' id='word_1_231' title='bbox 1430 3193 1622 3278; x_wconf 84' lang='grc' dir='ltr'>μετανάστης</span> 
     </span>
     <span class='ocr_line' id='line_1_25' title="bbox 825 3315 1442 3406; baseline 0.003 -24"><span class='ocrx_word' id='word_1_232' title='bbox 825 3319 983 3405; x_wconf 88' lang='grc' dir='ltr'>παρθένον</span> <span class='ocrx_word' id='word_1_233' title='bbox 1008 3318 1137 3406; x_wconf 79' lang='grc' dir='ltr'>ἰχνεύων</span> <span class='ocrx_word' id='word_1_234' title='bbox 1160 3315 1338 3405; x_wconf 77' lang='grc' dir='ltr'>Ἐπαφηέδα</span> <span class='ocrx_word' id='word_1_235' title='bbox 1361 3315 1442 3384; x_wconf 59' lang='lat' dir='ltr'>ath?</span> 
     </span>
    </p>

    <p class='ocr_par' dir='ltr' id='par_1_8' title="bbox 397 3439 2110 4918">
     <span class='ocr_line' id='line_1_26' title="bbox 399 3439 2107 3531; baseline -0.002 -21"><span class='ocrx_word' id='word_1_236' title='bbox 399 3444 601 3530; x_wconf 87' lang='lat' dir='ltr'>Respondet</span> <span class='ocrx_word' id='word_1_237' title='bbox 625 3444 735 3507; x_wconf 82' lang='lat' dir='ltr'>forma</span> <span class='ocrx_word' id='word_1_238' title='bbox 754 3439 908 3530; x_wconf 81' lang='grc' dir='ltr'>Ἐπαφηές</span> <span class='ocrx_word' id='word_1_239' title='bbox 932 3442 1117 3509; x_wconf 90' lang='lat' dir='ltr'>masculino</span> <span class='ocrx_word' id='word_1_240' title='bbox 1151 3441 1309 3531; x_wconf 84' lang='grc' dir='ltr'>Ἐπαφεὺς</span> <span class='ocrx_word' id='word_1_241' title='bbox 1332 3467 1379 3508; x_wconf 88' lang='lat' dir='ltr'>ex</span> <span class='ocrx_word' id='word_1_242' title='bbox 1402 3441 1563 3528; x_wconf 88' lang='lat' dir='ltr'>analogia</span> <span class='ocrx_word' id='word_1_243' title='bbox 1587 3443 1857 3528; x_wconf 88' lang='lat' dir='ltr'>compositorum</span> <span class='ocrx_word' id='word_1_244' title='bbox 1887 3443 2003 3526; x_wconf 92' lang='lat' dir='ltr'>qualia</span> <span class='ocrx_word' id='word_1_245' title='bbox 2030 3456 2107 3507; x_wconf 93' lang='lat' dir='ltr'>sunt</span> 
     </span>
     <span class='ocr_line' id='line_1_27' title="bbox 397 3567 2107 3659; baseline -0.003 -21"><span class='ocrx_word' id='word_1_246' title='bbox 397 3573 540 3659; x_wconf 79' lang='grc' dir='ltr'>ἡνιοχεὺς</span> <span class='ocrx_word' id='word_1_247' title='bbox 563 3586 597 3634; x_wconf 89' lang='lat' dir='ltr'>et</span> <span class='ocrx_word' id='word_1_248' title='bbox 628 3571 750 3658; x_wconf 77' lang='grc' dir='ltr'>ἡνίοχος</span> <span class='ocrx_word' id='word_1_249' title='bbox 773 3570 968 3657; x_wconf 80' lang='grc' dir='ltr'>συγγραφεὺς</span> <span class='ocrx_word' id='word_1_250' title='bbox 991 3585 1025 3634; x_wconf 86' lang='lat' dir='ltr'>et</span> <span class='ocrx_word' id='word_1_251' title='bbox 1049 3570 1227 3657; x_wconf 84' lang='grc' dir='ltr'>σὺγγραφος</span> <span class='ocrx_word' id='word_1_252' title='bbox 1258 3589 1387 3636; x_wconf 90' lang='lat' dir='ltr'>novato</span> <span class='ocrx_word' id='word_1_253' title='bbox 1396 3567 1433 3655; x_wconf 75' lang='lat'>⁸),</span> <span class='ocrx_word' id='word_1_254' title='bbox 1457 3572 1553 3654; x_wconf 92' lang='lat' dir='ltr'>quod</span> <span class='ocrx_word' id='word_1_255' title='bbox 1577 3571 1688 3654; x_wconf 91' lang='lat' dir='ltr'>ipsum</span> <span class='ocrx_word' id='word_1_256' title='bbox 1725 3587 1760 3636; x_wconf 90' lang='lat' dir='ltr'>et</span> <span class='ocrx_word' id='word_1_257' title='bbox 1791 3569 2042 3636; x_wconf 87' lang='lat' dir='ltr'>substantivum</span> <span class='ocrx_word' id='word_1_258' title='bbox 2074 3585 2107 3634; x_wconf 89' lang='lat' dir='ltr'>et</span> 
     </span>
     <span class='ocr_line' id='line_1_28' title="bbox 400 3695 2109 3792; baseline -0.001 -29"><span class='ocrx_word' id='word_1_259' title='bbox 400 3697 605 3763; x_wconf 90' lang='lat' dir='ltr'>adiectivum</span> <span class='ocrx_word' id='word_1_260' title='bbox 630 3717 706 3762; x_wconf 89' lang='lat' dir='ltr'>esse</span> <span class='ocrx_word' id='word_1_261' title='bbox 730 3711 860 3780; x_wconf 90' lang='lat' dir='ltr'>potest:</span> <span class='ocrx_word' id='word_1_262' title='bbox 897 3697 1052 3760; x_wconf 87' lang='lat' dir='ltr'>conferas</span> <span class='ocrx_word' id='word_1_263' title='bbox 1066 3784 1070 3792; x_wconf 29' lang='grc' dir='ltr'>Ι</span> <span class='ocrx_word' id='word_1_264' title='bbox 1085 3695 1269 3760; x_wconf 89' lang='lat' dir='ltr'>Homerica</span> <span class='ocrx_word' id='word_1_265' title='bbox 1305 3699 1382 3783; x_wconf 69' lang='grc' dir='ltr'>ἀνὴρ</span> <span class='ocrx_word' id='word_1_266' title='bbox 1413 3697 1565 3783; x_wconf 81' lang='grc' dir='ltr'>βασιλεὺς,</span> <span class='ocrx_word' id='word_1_267' title='bbox 1606 3697 1830 3784; x_wconf 78' lang='grc' dir='ltr'>βασιλεύτερος,</span> <span class='ocrx_word' id='word_1_268' title='bbox 1864 3702 1936 3784; x_wconf 80' lang='grc' dir='ltr'>τιμὴ</span> <span class='ocrx_word' id='word_1_269' title='bbox 1970 3697 2109 3785; x_wconf 77' lang='grc' dir='ltr'>βασιληές</span> 
     </span>
     <span class='ocr_line' id='line_1_29' title="bbox 401 3811 2108 3910; baseline -0.001 -22"><span class='ocrx_word' id='word_1_270' title='bbox 401 3823 439 3910; x_wconf 87' lang='grc' dir='ltr'>(Ζ</span> <span class='ocrx_word' id='word_1_271' title='bbox 456 3811 542 3908; x_wconf 83' lang='lat' dir='ltr'>i93),</span> <span class='ocrx_word' id='word_1_272' title='bbox 568 3825 665 3910; x_wconf 84' lang='grc' dir='ltr'>ιιοὺρη</span> <span class='ocrx_word' id='word_1_273' title='bbox 682 3821 807 3909; x_wconf 75' lang='grc' dir='ltr'>Βρισηίς</span> <span class='ocrx_word' id='word_1_274' title='bbox 829 3822 927 3886; x_wconf 85' lang='lat' dir='ltr'>iuxta</span> <span class='ocrx_word' id='word_1_275' title='bbox 950 3822 1047 3907; x_wconf 84' lang='grc' dir='ltr'>ιιοὺρη</span> <span class='ocrx_word' id='word_1_276' title='bbox 1064 3817 1235 3908; x_wconf 52' lang='grc' dir='ltr'>Βρισῆοςέ).</span> <span class='ocrx_word' id='word_1_277' title='bbox 1249 3822 1502 3886; x_wconf 85' lang='lat' dir='ltr'>-Transimus</span> <span class='ocrx_word' id='word_1_278' title='bbox 1518 3822 1562 3900; x_wconf 82' lang='lat' dir='ltr'>ad</span> <span class='ocrx_word' id='word_1_279' title='bbox 1580 3823 1784 3886; x_wconf 90' lang='lat' dir='ltr'>Mercurium</span> <span class='ocrx_word' id='word_1_280' title='bbox 1804 3824 2024 3909; x_wconf 78' lang='grc' dir='ltr'>κουροτρὸφον,</span> <span class='ocrx_word' id='word_1_281' title='bbox 2050 3823 2108 3906; x_wconf 91' lang='lat' dir='ltr'>qui</span> 
     </span>
     <span class='ocr_line' id='line_1_30' title="bbox 400 3945 2108 4034; baseline -0.002 -19"><span class='ocrx_word' id='word_1_282' title='bbox 400 3966 594 4014; x_wconf 88' lang='lat' dir='ltr'>nascentem</span> <span class='ocrx_word' id='word_1_283' title='bbox 617 3946 788 4013; x_wconf 89' lang='lat' dir='ltr'>Bacchum</span> <span class='ocrx_word' id='word_1_284' title='bbox 813 3947 978 4011; x_wconf 90' lang='lat' dir='ltr'>moriente</span> <span class='ocrx_word' id='word_1_285' title='bbox 1001 3945 1138 4010; x_wconf 87' lang='lat' dir='ltr'>Semela</span> <span class='ocrx_word' id='word_1_286' title='bbox 1162 3946 1259 4034; x_wconf 92' lang='lat' dir='ltr'>Jovis</span> <span class='ocrx_word' id='word_1_287' title='bbox 1282 3946 1362 4011; x_wconf 92' lang='lat' dir='ltr'>loco</span> <span class='ocrx_word' id='word_1_288' title='bbox 1390 3947 1557 4011; x_wconf 91' lang='lat' dir='ltr'>interdum</span> <span class='ocrx_word' id='word_1_289' title='bbox 1588 3949 1777 4012; x_wconf 89' lang='lat' dir='ltr'>secundum</span> <span class='ocrx_word' id='word_1_290' title='bbox 1801 3947 1989 4012; x_wconf 89' lang='lat' dir='ltr'>litterarum</span> <span class='ocrx_word' id='word_1_291' title='bbox 2014 3947 2108 4012; x_wconf 90' lang='lat' dir='ltr'>artis·</span> 
     </span>
     <span class='ocr_line' id='line_1_31' title="bbox 400 4071 2108 4160; baseline -0.001 -20"><span class='ocrx_word' id='word_1_292' title='bbox 400 4098 469 4160; x_wconf 89' lang='lat' dir='ltr'>que</span> <span class='ocrx_word' id='word_1_293' title='bbox 492 4091 711 4140; x_wconf 89' lang='lat' dir='ltr'>monumenta</span> <span class='ocrx_word' id='word_1_294' title='bbox 728 4073 867 4159; x_wconf 90' lang='lat' dir='ltr'>excipit.</span> <span class='ocrx_word' id='word_1_295' title='bbox 907 4071 1139 4137; x_wconf 89' lang='lat' dir='ltr'>Obstetricem</span> <span class='ocrx_word' id='word_1_296' title='bbox 1164 4073 1219 4138; x_wconf 90' lang='lat' dir='ltr'>vel</span> <span class='ocrx_word' id='word_1_297' title='bbox 1236 4073 1353 4158; x_wconf 90' lang='lat' dir='ltr'>potius</span> <span class='ocrx_word' id='word_1_298' title='bbox 1369 4072 1571 4138; x_wconf 89' lang='lat' dir='ltr'>obstitorem</span> <span class='ocrx_word' id='word_1_299' title='bbox 1588 4073 1661 4160; x_wconf 90' lang='lat' dir='ltr'>agit</span> <span class='ocrx_word' id='word_1_300' title='bbox 1678 4073 1709 4137; x_wconf 94' lang='lat' dir='ltr'>in</span> <span class='ocrx_word' id='word_1_301' title='bbox 1730 4071 1933 4160; x_wconf 87' lang='lat' dir='ltr'>anaglypho</span> <span class='ocrx_word' id='word_1_302' title='bbox 1949 4075 2108 4142; x_wconf 87' lang='lat' dir='ltr'>vaticano</span> 
     </span>
     <span class='ocr_line' id='line_1_32' title="bbox 400 4198 2109 4284; baseline -0.001 -17"><span class='ocrx_word' id='word_1_303' title='bbox 400 4202 586 4267; x_wconf 87' lang='lat' dir='ltr'>novissime</span> <span class='ocrx_word' id='word_1_304' title='bbox 609 4200 653 4264; x_wconf 88' lang='lat' dir='ltr'>ab</span> <span class='ocrx_word' id='word_1_305' title='bbox 677 4201 929 4284; x_wconf 90' lang='lat' dir='ltr'>Heydemanno</span> <span class='ocrx_word' id='word_1_306' title='bbox 953 4219 987 4282; x_wconf 92' lang='lat' dir='ltr'>p.</span> <span class='ocrx_word' id='word_1_307' title='bbox 1015 4219 1053 4284; x_wconf 85' lang='lat'>¹5</span> <span class='ocrx_word' id='word_1_308' title='bbox 1079 4199 1256 4284; x_wconf 90' lang='lat' dir='ltr'>descripto</span> <span class='ocrx_word' id='word_1_309' title='bbox 1280 4199 1451 4283; x_wconf 91' lang='lat' dir='ltr'>Nymphis</span> <span class='ocrx_word' id='word_1_310' title='bbox 1475 4198 1690 4264; x_wconf 87' lang='lat' dir='ltr'>adstantibus</span> <span class='ocrx_word' id='word_1_311' title='bbox 1713 4201 1851 4283; x_wconf 89' lang='lat' dir='ltr'>nysaeis</span> <span class='ocrx_word' id='word_1_312' title='bbox 1874 4216 1908 4266; x_wconf 88' lang='lat' dir='ltr'>et</span> <span class='ocrx_word' id='word_1_313' title='bbox 1932 4203 2109 4266; x_wconf 83' lang='lat' dir='ltr'>confirmat</span> 
     </span>
     <span class='ocr_line' id='line_1_33' title="bbox 400 4323 2107 4411; baseline 0.001 -19"><span class='ocrx_word' id='word_1_314' title='bbox 400 4326 580 4411; x_wconf 89' lang='lat' dir='ltr'>Apollonii</span> <span class='ocrx_word' id='word_1_315' title='bbox 604 4326 829 4392; x_wconf 85' lang='lat' dir='ltr'>narrationem</span> <span class='ocrx_word' id='word_1_316' title='bbox 853 4325 899 4391; x_wconf 92' lang='lat' dir='ltr'>IV</span> <span class='ocrx_word' id='word_1_317' title='bbox 927 4325 1011 4409; x_wconf 87' lang='lat'>1136</span> <span class='ocrx_word' id='word_1_318' title='bbox 1034 4345 1122 4410; x_wconf 77' lang='lat' dir='ltr'>sqq,</span> <span class='ocrx_word' id='word_1_319' title='bbox 1156 4323 1213 4408; x_wconf 92' lang='lat' dir='ltr'>qui</span> <span class='ocrx_word' id='word_1_320' title='bbox 1244 4324 1429 4388; x_wconf 90' lang='lat' dir='ltr'>Macridem</span> <span class='ocrx_word' id='word_1_321' title='bbox 1460 4325 1506 4388; x_wconf 88' lang='lat' dir='ltr'>ait</span> <span class='ocrx_word' id='word_1_322' title='bbox 1531 4324 1709 4390; x_wconf 87' lang='lat' dir='ltr'>nutriendo</span> <span class='ocrx_word' id='word_1_323' title='bbox 1738 4325 1874 4390; x_wconf 88' lang='lat' dir='ltr'>Baccho</span> <span class='ocrx_word' id='word_1_324' title='bbox 1898 4349 1936 4392; x_wconf 89' lang='lat' dir='ltr'>se</span> <span class='ocrx_word' id='word_1_325' title='bbox 1960 4328 2107 4408; x_wconf 90' lang='lat' dir='ltr'>dedisse,</span> 
     </span>
     <span class='ocr_line' id='line_1_34' title="bbox 400 4444 2109 4540; baseline 0.001 -22"><span class='ocrx_word' id='word_1_326' title='bbox 400 4451 470 4519; x_wconf 81' lang='grc' dir='ltr'>εὖτέ</span> <span class='ocrx_word' id='word_1_327' title='bbox 486 4477 535 4540; x_wconf 89' lang='grc' dir='ltr'>μιν</span> <span class='ocrx_word' id='word_1_328' title='bbox 551 4444 693 4540; x_wconf 78' lang='grc' dir='ltr'>Ἑρμείας</span> <span class='ocrx_word' id='word_1_329' title='bbox 716 4451 807 4537; x_wconf 83' lang='grc' dir='ltr'>φέρεν</span> <span class='ocrx_word' id='word_1_330' title='bbox 830 4451 868 4516; x_wconf 85' lang='grc' dir='ltr'>έιι</span> <span class='ocrx_word' id='word_1_331' title='bbox 890 4451 985 4537; x_wconf 81' lang='grc' dir='ltr'>πυρός</span> <span class='ocrx_word' id='word_1_332' title='bbox 1008 4450 1122 4514; x_wconf 88' lang='lat' dir='ltr'>statim</span> <span class='ocrx_word' id='word_1_333' title='bbox 1146 4449 1260 4514; x_wconf 91' lang='lat' dir='ltr'>occisa</span> <span class='ocrx_word' id='word_1_334' title='bbox 1284 4465 1407 4516; x_wconf 86' lang='lat' dir='ltr'>matre:</span> <span class='ocrx_word' id='word_1_335' title='bbox 1433 4451 1529 4533; x_wconf 94' lang='lat' dir='ltr'>quod</span> <span class='ocrx_word' id='word_1_336' title='bbox 1552 4451 1625 4515; x_wconf 90' lang='lat' dir='ltr'>iure</span> <span class='ocrx_word' id='word_1_337' title='bbox 1650 4451 1788 4516; x_wconf 90' lang='lat' dir='ltr'>mireris.</span> <span class='ocrx_word' id='word_1_338' title='bbox 1825 4454 1941 4519; x_wconf 87' lang='lat' dir='ltr'>Habet</span> <span class='ocrx_word' id='word_1_339' title='bbox 1965 4457 2109 4520; x_wconf 88' lang='lat' dir='ltr'>eandem</span> 
     </span>
     <span class='ocr_line' id='line_1_35' title="bbox 400 4573 2110 4665; baseline 0.002 -21"><span class='ocrx_word' id='word_1_340' title='bbox 400 4579 540 4645; x_wconf 81' lang='lat' dir='ltr'>fabulae</span> <span class='ocrx_word' id='word_1_341' title='bbox 563 4579 708 4642; x_wconf 85' lang='lat' dir='ltr'>formam</span> <span class='ocrx_word' id='word_1_342' title='bbox 731 4577 892 4663; x_wconf 88' lang='lat' dir='ltr'>Hyginus</span> <span class='ocrx_word' id='word_1_343' title='bbox 915 4576 1000 4640; x_wconf 84' lang='lat' dir='ltr'>Fab.</span> <span class='ocrx_word' id='word_1_344' title='bbox 1029 4593 1091 4661; x_wconf 86' lang='lat'>179</span> <span class='ocrx_word' id='word_1_345' title='bbox 1114 4595 1148 4660; x_wconf 94' lang='lat' dir='ltr'>p.</span> <span class='ocrx_word' id='word_1_346' title='bbox 1174 4597 1214 4661; x_wconf 83' lang='lat'>35</span> <span class='ocrx_word' id='word_1_347' title='bbox 1239 4576 1368 4641; x_wconf 84' lang='lat' dir='ltr'>Schm:</span> <span class='ocrx_word' id='word_1_348' title='bbox 1393 4573 1449 4641; x_wconf 82' lang='lat' dir='ltr'>‘ex</span> <span class='ocrx_word' id='word_1_349' title='bbox 1474 4592 1572 4641; x_wconf 92' lang='lat' dir='ltr'>utero</span> <span class='ocrx_word' id='word_1_350' title='bbox 1597 4577 1669 4641; x_wconf 87' lang='lat' dir='ltr'>eius</span> <span class='ocrx_word' id='word_1_351' title='bbox 1701 4577 1888 4665; x_wconf 87' lang='lat' dir='ltr'>(Semelae)</span> <span class='ocrx_word' id='word_1_352' title='bbox 1920 4581 2024 4646; x_wconf 87' lang='lat' dir='ltr'>Liber</span> <span class='ocrx_word' id='word_1_353' title='bbox 2056 4599 2110 4647; x_wconf 86' lang='lat' dir='ltr'>est</span> 
     </span>
     <span class='ocr_line' id='line_1_36' title="bbox 404 4701 2108 4789; baseline 0.001 -18"><span class='ocrx_word' id='word_1_354' title='bbox 404 4721 513 4784; x_wconf 91' lang='lat' dir='ltr'>natus,</span> <span class='ocrx_word' id='word_1_355' title='bbox 539 4725 641 4788; x_wconf 91' lang='lat' dir='ltr'>quem</span> <span class='ocrx_word' id='word_1_356' title='bbox 665 4703 855 4767; x_wconf 90' lang='lat' dir='ltr'>Mercurius</span> <span class='ocrx_word' id='word_1_357' title='bbox 878 4702 923 4766; x_wconf 86' lang='lat' dir='ltr'>ab</span> <span class='ocrx_word' id='word_1_358' title='bbox 939 4701 1019 4789; x_wconf 87' lang='lat' dir='ltr'>igne</span> <span class='ocrx_word' id='word_1_359' title='bbox 1043 4717 1200 4786; x_wconf 91' lang='lat' dir='ltr'>ereptum</span> <span class='ocrx_word' id='word_1_360' title='bbox 1216 4703 1316 4787; x_wconf 91' lang='lat' dir='ltr'>Nyso</span> <span class='ocrx_word' id='word_1_361' title='bbox 1340 4703 1436 4768; x_wconf 89' lang='lat' dir='ltr'>dedit</span> <span class='ocrx_word' id='word_1_362' title='bbox 1460 4701 1694 4769; x_wconf 90' lang='lat' dir='ltr'>educandum’.</span> <span class='ocrx_word' id='word_1_363' title='bbox 1733 4705 1827 4770; x_wconf 90' lang='lat' dir='ltr'>Idem</span> <span class='ocrx_word' id='word_1_364' title='bbox 1855 4707 1922 4771; x_wconf 90' lang='lat' dir='ltr'>iam</span> <span class='ocrx_word' id='word_1_365' title='bbox 1949 4725 2053 4773; x_wconf 88' lang='lat' dir='ltr'>sexto</span> <span class='ocrx_word' id='word_1_366' title='bbox 2076 4731 2108 4774; x_wconf 91' lang='lat' dir='ltr'>a.</span> 
     </span>
     <span class='ocr_line' id='line_1_37' title="bbox 402 4826 2109 4918; baseline 0.002 -23"><span class='ocrx_word' id='word_1_367' title='bbox 402 4831 482 4896; x_wconf 91' lang='lat' dir='ltr'>Chr.</span> <span class='ocrx_word' id='word_1_368' title='bbox 506 4830 647 4896; x_wconf 87' lang='lat' dir='ltr'>saeculo</span> <span class='ocrx_word' id='word_1_369' title='bbox 671 4829 747 4896; x_wconf 92' lang='lat' dir='ltr'>solii</span> <span class='ocrx_word' id='word_1_370' title='bbox 771 4828 940 4913; x_wconf 90' lang='lat' dir='ltr'>amyclaei</span> <span class='ocrx_word' id='word_1_371' title='bbox 964 4826 1169 4914; x_wconf 87' lang='lat' dir='ltr'>anaglypho</span> <span class='ocrx_word' id='word_1_372' title='bbox 1192 4849 1396 4913; x_wconf 85' lang='lat' dir='ltr'>expressum</span> <span class='ocrx_word' id='word_1_373' title='bbox 1419 4829 1533 4906; x_wconf 79' lang='lat' dir='ltr'>fuisse,</span> <span class='ocrx_word' id='word_1_374' title='bbox 1558 4831 1716 4913; x_wconf 87' lang='lat' dir='ltr'>quamvis</span> <span class='ocrx_word' id='word_1_375' title='bbox 1740 4831 1952 4916; x_wconf 87' lang='lat' dir='ltr'>obloquatur</span> <span class='ocrx_word' id='word_1_376' title='bbox 1968 4835 2109 4918; x_wconf 92' lang='lat' dir='ltr'>Heyde·</span> 
     </span>
    </p>
   </div>
   <div class='ocr_carea' id='block_1_5' title="bbox 406 4959 617 4968">
    <p class='ocr_par' dir='ltr' id='par_1_9' title="bbox 406 4959 617 4968">
     <span class='ocr_line' id='line_1_38' title="bbox 406 4959 617 4968; baseline -0.009 -1"><span class='ocrx_word' id='word_1_377' title='bbox 406 4959 617 4968; x_wconf 78' lang='lat'>.---.-—--—-</span> 
     </span>
    </p>
   </div>
   <div class='ocr_carea' id='block_1_6' title="bbox 560 5027 1275 5186">
    <p class='ocr_par' dir='ltr' id='par_1_10' title="bbox 560 5027 1275 5186">
     <span class='ocr_line' id='line_1_39' title="bbox 562 5027 1235 5095; baseline -0.001 -16"><span class='ocrx_word' id='word_1_378' title='bbox 562 5027 583 5095; x_wconf 86' lang='lat'>¹)</span> <span class='ocrx_word' id='word_1_379' title='bbox 601 5029 767 5080; x_wconf 84' lang='lat' dir='ltr'>Bruchmann</span> <span class='ocrx_word' id='word_1_380' title='bbox 786 5045 812 5094; x_wconf 91' lang='lat' dir='ltr'>p.</span> <span class='ocrx_word' id='word_1_381' title='bbox 834 5043 858 5092; x_wconf 79' lang='lat'>³·</span> <span class='ocrx_word' id='word_1_382' title='bbox 877 5027 993 5090; x_wconf 84' lang='lat' dir='ltr'>Hesyeb.</span> <span class='ocrx_word' id='word_1_383' title='bbox 1012 5043 1035 5078; x_wconf 85' lang='grc' dir='ltr'>ε.</span> <span class='ocrx_word' id='word_1_384' title='bbox 1054 5043 1080 5077; x_wconf 88' lang='lat' dir='ltr'>v.</span> <span class='ocrx_word' id='word_1_385' title='bbox 1100 5027 1235 5090; x_wconf 79' lang='grc' dir='ltr'>Παιωνιος.</span> 
     </span>
     <span class='ocr_line' id='line_1_40' title="bbox 560 5117 1275 5186; baseline -0.003 -16"><span class='ocrx_word' id='word_1_386' title='bbox 560 5117 582 5186; x_wconf 80' lang='lat'>²)</span> <span class='ocrx_word' id='word_1_387' title='bbox 602 5119 785 5184; x_wconf 80' lang='lat' dir='ltr'>Wilamowitz,</span> <span class='ocrx_word' id='word_1_388' title='bbox 805 5119 866 5169; x_wconf 85' lang='lat' dir='ltr'>Eur.</span> <span class='ocrx_word' id='word_1_389' title='bbox 886 5117 1019 5168; x_wconf 84' lang='lat' dir='ltr'>Herakles</span> <span class='ocrx_word' id='word_1_390' title='bbox 1039 5117 1116 5167; x_wconf 81' lang='lat'>11⁶0</span> <span class='ocrx_word' id='word_1_391' title='bbox 1133 5117 1167 5166; x_wconf 91' lang='lat' dir='ltr'>ad</span> <span class='ocrx_word' id='word_1_392' title='bbox 1187 5133 1212 5168; x_wconf 90' lang='lat' dir='ltr'>v.</span> <span class='ocrx_word' id='word_1_393' title='bbox 1233 5133 1275 5180; x_wconf 83' lang='lat'>39.</span> 
     </span>
    </p>
   </div>
   <div class='ocr_carea' id='block_1_7' title="bbox 560 5207 1236 5366">
    <p class='ocr_par' dir='ltr' id='par_1_11' title="bbox 560 5207 1236 5366">
     <span class='ocr_line' id='line_1_41' title="bbox 561 5207 1076 5274; baseline -0.004 -14"><span class='ocrx_word' id='word_1_394' title='bbox 561 5207 583 5274; x_wconf 76' lang='lat'>⁸)</span> <span class='ocrx_word' id='word_1_395' title='bbox 604 5211 645 5261; x_wconf 80' lang='lat' dir='ltr'>Cf.</span> <span class='ocrx_word' id='word_1_396' title='bbox 665 5209 782 5274; x_wconf 86' lang='lat' dir='ltr'>Becbtel,</span> <span class='ocrx_word' id='word_1_397' title='bbox 802 5209 879 5260; x_wconf 87' lang='lat' dir='ltr'>GGN</span> <span class='ocrx_word' id='word_1_398' title='bbox 901 5211 969 5270; x_wconf 82' lang='lat'>1890</span> <span class='ocrx_word' id='word_1_399' title='bbox 986 5221 1013 5273; x_wconf 91' lang='lat' dir='ltr'>p.</span> <span class='ocrx_word' id='word_1_400' title='bbox 1034 5221 1076 5270; x_wconf 78' lang='lat'>33.</span> 
     </span>
     <span class='ocr_line' id='line_1_42' title="bbox 560 5297 1236 5366; baseline -0.01 -13"><span class='ocrx_word' id='word_1_401' title='bbox 560 5297 583 5366; x_wconf 80' lang='lat'>⁴)</span> <span class='ocrx_word' id='word_1_402' title='bbox 603 5300 787 5364; x_wconf 84' lang='lat' dir='ltr'>Wilamovitz,</span> <span class='ocrx_word' id='word_1_403' title='bbox 806 5300 914 5348; x_wconf 85' lang='lat' dir='ltr'>Homer.</span> <span class='ocrx_word' id='word_1_404' title='bbox 935 5299 1039 5348; x_wconf 86' lang='lat' dir='ltr'>Unters.</span> <span class='ocrx_word' id='word_1_405' title='bbox 1059 5313 1085 5363; x_wconf 86' lang='lat' dir='ltr'>p.</span> <span class='ocrx_word' id='word_1_406' title='bbox 1106 5313 1160 5361; x_wconf 76' lang='lat'>⁴¹0</span> <span class='ocrx_word' id='word_1_407' title='bbox 1177 5314 1236 5363; x_wconf 90' lang='lat' dir='ltr'>sqq.</span> 
     </span>
    </p>
   </div>
   <div class='ocr_carea' id='block_1_8' title="bbox 0 0 2398 6036">
    <p class='ocr_par' dir='ltr' id='par_1_12' title="bbox 0 0 2398 6036">
     <span class='ocr_line' id='line_1_43' title="bbox 0 0 2398 6036; baseline 0 0"><span class='ocrx_word' id='word_1_408' title='bbox 0 0 2398 6036; x_wconf 95' lang='lat' dir='ltr'> </span> 
     </span>
    </p>
   </div>
  </div>
 </body>
</html>
