4780 6044
1054 321 1160 386 XXV

1003 413 1215 422 ————-

256 530 324 612 Qui
348 531 377 598 si
401 532 556 598 ‘Parvam
582 530 801 620 Aegyptum'
822 535 856 598 in
879 535 1025 600 Euboea
1049 536 1149 601 sitam
1173 535 1325 623 intellegi
1354 535 1475 614 voluit,
1504 536 1608 622 plana
1637 558 1703 602 non
1731 536 1842 602 solum
1875 551 1966 602 esset

255 657 415 734 narratio,
439 659 501 722 sed
525 660 713 742 quadraret
736 661 768 724 in
793 658 989 745 Aegimium
1015 660 1257 727 ‘Hesiodeum’.
1304 662 1433 727 Verum
1456 662 1544 727 haec
1566 663 1672 727 dubia
1695 657 1841 747 sunto.¹)

416 784 618 850 Desinemus
641 785 672 850 in
696 787 785 874 Jove
809 784 945 852 ‘Casio’.
992 787 1060 867 Qui
1084 788 1179 872 quod
1204 789 1366 854 Romanis
1389 789 1527 852 demum
1551 787 1767 871 temporibus
1790 787 1822 851 in
1845 786 1967 851 litteris

257 910 469 995 cummisque
485 907 818 997 commemoratur²)‚
836 929 981 996 propter
998 912 1184 997 Casiopam
1200 911 1257 978 vel
1275 912 1478 997 Cassiopam
1496 933 1627 976 —nam
1645 913 1797 978 variatur
1813 912 1844 975 in
1861 911 1966 998 gemi-

257 1038 367 1101 nanda
384 1057 537 1101 consona
553 1037 666 1102 media
681 1039 835 1102 --casui
852 1039 1041 1103 tribuimus.
1078 1038 1248 1117 Provenit,
1274 1039 1305 1103 ni
1326 1037 1482 1117 fallimur,
1507 1039 1595 1104 sicut
1618 1037 1761 1124 Κάδ-μος
1783 1038 1830 1102 ita
1853 1035 1967 1121 Κά(δ)-

256 1184 321 1240 σιος
345 1183 364 1225 e
387 1162 503 1226 radice
526 1159 620 1248 καθ’)
649 1178 682 1229 et
712 1184 954 1248 comparamus
986 1164 1091 1250 φὺξιος
1122 1165 1271 1250 προὸψιος
1302 1165 1500 1251 προχοιρῐσιος
1532 1165 1658 1249 κτήσιος
1690 1163 1794 1241 λύσιος
1822 1163 1967 1226 deorum

257 1285 481 1370 appellativa.
525 1288 598 1352 Nec
621 1304 783 1373 putamus
807 1289 961 1373 epitheta
981 1289 1110 1374 Κάδμος
1134 1303 1167 1354 et
1187 1290 1306 1368 Κάστος
1330 1306 1426 1354 certo
1449 1290 1574 1354 numini
1597 1289 1740 1373 propria
1764 1309 1851 1366 esse,
1884 1307 1969 1370 quo-

256 1412 345 1476 niam
361 1412 465 1478 rebus
480 1413 675 1480 ordinandis
696 1413 864 1498 pleraque
887 1415 1021 1478 numina
1044 1417 1184 1499 praefici
1208 1417 1338 1501 optime
1362 1435 1467 1499 posse
1490 1431 1647 1500 apparet,
1672 1431 1705 1479 et
1729 1415 1827 1479 iuxta
1843 1413 1966 1500 Jovem

257 1539 376 1606 Κάσιον
410 1539 687 1624 Corcyraeorum
720 1541 878 1604 novimus
909 1540 1082 1606 Bacchum
1114 1544 1243 1630 Κάδμον
1266 1541 1470 1606 Thebanum
1494 1541 1608 1626 (Paus.
1640 1541 1691 1606 IX
1727 1537 1814 1623 12‚4)
1845 1554 1879 1602 et
1910 1535 1967 1602 vel

257 1663 463 1728 Mercurium
487 1667 659 1753 Κασμῖλον,
692 1667 737 1730 de
768 1686 839 1749 quo
873 1681 954 1750 post
984 1666 1079 1731 irrita
1111 1685 1164 1732 tot
1194 1668 1421 1734 recentiorum
1455 1667 1630 1731 conamina
1660 1667 1787 1730 afllicta
1815 1679 1867 1729 est
1895 1663 1968 1728 veri

257 1788 487 1876 investigatio,

418 1916 575 1982 Breviter
602 1917 934 2002 comprehendimus.
986 1919 1043 1984 Ex
1074 1919 1231 1985 Euboica
1263 1919 1381 1985 sabula
1406 1916 1609 2006 ‘Aegyptia’
1638 1916 1746 1982 altera
1780 1917 1824 1981 ad
1856 1914 1968 1980 Nilum

259 2041 431 2123 pertinens
453 2043 502 2107 ita
529 2059 657 2108 novata
681 2061 744 2122 est,
775 2061 811 2110 ut
842 2065 907 2110 non
940 2047 1047 2110 modo
1069 2045 1239 2130 Epaphus
1268 2065 1343 2110 cum
1368 2045 1439 2128 Api
1468 2046 1536 2109 deo
1559 2043 1745 2129 Aegyptio
1769 2057 1803 2106 et
1826 2041 1869 2129 Jo
1892 2061 1968 2105 cum

258 2167 348 2232 Iside
364 2186 651 2253 componerentur
667 2207 711 2218 -
727 2172 866 2257 excepit
890 2173 976 2236 haec
999 2187 1191 2238 commenta
1214 2171 1280 2236 iam
1298 2172 1499 2236 Herodotus
1507 2167 1533 2255 ⁴)
1551 2206 1594 2218 -
1610 2190 1730 2234 verum
1755 2190 1801 2232 ex
1822 2167 1969 2253 genuina

259 2295 447 2359 stemmatis
471 2295 587 2360 radice
610 2296 817 2384 genealogia
842 2313 951 2362 totum
977 2319 1087 2382 paene
1110 2315 1277 2363 terrarum
1306 2297 1425 2362 orbem
1451 2295 1684 2381 complectens
1707 2293 1969 2379 produceretur.

259 2419 332 2483 Sed
354 2419 399 2484 de
422 2419 475 2486 his
499 2421 637 2506 quidem
661 2423 838 2489 hactenus.

1084 2550 1142 2615 IV.

420 2673 481 2759 Jus
504 2671 679 2738 historiam
704 2691 738 2740 et
763 2675 832 2742 fata
856 2678 968 2763 gentis
992 2693 1130 2760 praeter
1153 2673 1369 2760 Aeschylum
1398 2672 1463 2740 soli
1497 2671 1745 2757 mythographi
1776 2671 1970 2736 accuratius

260 2797 432 2878 persecuti
464 2814 551 2863 sunt.
607 2801 651 2864 Et
685 2801 830 2885 primum
863 2781 1002 2886 quidem
1026 2801 1356 2886 Ps.·Apollodorum
1389 2799 1620 2864 bibliothecae
1651 2797 1856 2880 scriptorem
1889 2819 1971 2862 exa·

261 2922 474 3018 minabimus.
520 2925 587 3006 Qui
612 2947 688 2992 cum
712 2929 743 2992 in
768 2931 873 2994 rebus
895 2930 1132 3015 genealogicis
1155 2927 1303 2992 excellat
1332 2925 1509 2992 varietatis
1536 2925 1662 3002 studio,
1693 2924 1738 2988 ad
1767 2923 1971 2988 narrationis

260 3048 353 3112 iilum
378 3053 631 3134 pertexendam
655 3076 693 3118 se
722 3056 976 3122 commiscuisse
1004 3057 1142 3122 diversa
1175 3051 1268 3118 nullo
1298 3053 1423 3118 indicio
1451 3049 1689 3116 subindicavit.
1737 3049 1853 3114 Habet
1881 3069 1971 3132 quae

260 3174 483 3260 Aeschyleae
499 3180 701 3265 tragoediae
719 3182 1031 3261 commonefaciant,
1056 3183 1087 3246 in
1111 3179 1187 3245 aliis
1210 3180 1364 3265 graviter
1389 3178 1554 3255 dissentit,
1578 3193 1614 3242 ut
1639 3197 1705 3240 non
1730 3175 1861 3260 possint
1885 3174 1972 3239 haec

262 3302 506 3387 Apollodorea
536 3327 583 3372 ex
613 3328 747 3374 summo
778 3308 913 3394 tragico
946 3309 1068 3374 hausta
1102 3329 1188 3372 esse.
1235 3308 1322 3371 Rem
1352 3303 1553 3370 historiolae
1582 3303 1675 3368 initio
1707 3301 1971 3386 explanabimus

261 3430 431 3514 appositis
454 3431 584 3518 Hygini
609 3434 725 3499 verbis
747 3434 834 3500 Fab.
863 3455 923 3519 ¹45
948 3457 982 3519 p.
1009 3455 1051 3518 24
1074 3433 1209 3500 Schm.:

350 3555 470 3644 Ἀργου
504 3561 539 3626 δὲ
570 3564 624 3626 καὶ
655 3557 798 3648 Ἰσμήνης
828 3573 882 3648 τῆς
915 3557 1063 3627 Ἀσωποῦ
1095 3569 1167 3640 ποιῐς
1197 3557 1314 3642 Ἴασος,
1346 3557 1384 3624 οὗ

262 3706 355 3768 φασιν
379 3681 431 3749 Ἰὼ
454 3686 614 3770 γενέσθαι.
640 3687 777 3774 Κάστωρ
799 3689 833 3752 δὲ
857 3689 874 3752 ὁ
896 3688 1081 3775 συγγράψας
1104 3691 1143 3752 τὰ
1166 3686 1308 3773 Κρονικά
1330 3687 1384 3750 καί
1479 3665 1536 3728 EX
1560 3661 1684 3728 1⁰³⁰h⁰
1709 3678 1743 3726 et
1766 3661 1879 3747 Argia
1902 3661 1955 3748 J0·

263 3807 374 3876 πολλοὶ
396 3821 459 3876 τῶν
480 3823 637 3898 τραγικῶν
657 3810 785 3900 Ἰνάχου
814 3817 870 3899 τὴν
900 3809 953 3878 Ἰὼ
980 3815 1136 3898 λέγουσιν·
1183 3807 1324 3891 Ἡσίοδος
1351 3812 1385 3876 δὲ

1406 3827 1410 3914 ι
1437 3879 1533 3942 Hanc
1595 3877 1755 3964 Juppiter
1812 3875 1972 3942 dilectam

263 3939 317 4002 ml
340 3933 546 4016 Ἀκουσίλαος
562 3937 711 4026 Πειρῆνος
734 3941 830 4025 αὐτήν
854 3963 947 4026 φασιν
963 3939 1048 4006 εἶναι.
1073 3939 1187 4024 ταυτην
1217 3937 1386 4024 ἱερωσύνην

262 4073 317 4150 τῆς
337 4059 436 4148 Ἥρας
458 4065 593 4150 ἔχουσαν
608 4063 685 4144 Ζεὺς
708 4067 867 4150 ἔφθειρεν·
892 4065 1052 4152 φωραθεὶς
1074 4065 1108 4130 δὲ
1131 4060 1184 4148 ὑφ’
1206 4060 1304 4149 Ἤρας
1331 4075 1386 4150 τῆς

264 4192 319 4274 μὲν
341 4191 438 4277 κδρης
467 4189 625 4276 ἁψάμενος
653 4191 695 4268 εἰς
724 4190 797 4277 βοῦν
825 4192 1046 4276 μετεμόρφωσε
1073 4191 1200 4275 λευκήν,
1223 4191 1323 4276 ἀρχὴν
1351 4189 1386 4254 δὲ

264 4317 456 4402 ἀπωμόσατο
479 4320 520 4402 μὴ
544 4317 718 4383 συνελθεῖν.
759 4317 806 4382 διδ
829 4339 922 4404 φησιν
946 4313 1087 4394 Ἡσίοδος
1110 4318 1169 4381 οὐκ
1191 4313 1385 4380 ἐπισπᾶσθαι

264 4445 320 4528 τὴν
343 4445 406 4508 ἀπὸ
428 4453 492 4508 τῶν
514 4443 601 4508 θεῶν
624 4445 720 4530 ὀργὴν
741 4447 813 4522 τοὺς
836 4442 1013 4528 γινομένους
1034 4442 1146 4528 δρνιους
1169 4441 1246 4526 ὑπὲρ
1262 4442 1385 4526 ἔρωτος.
1437 4435 1473 4500 id
1505 4435 1595 4524 Juno
1624 4453 1701 4498 cum
1729 4429 1878 4507 rescivit,
1908 4427 1973 4494 Ar·

264 4565 347 4655 Ἥρα
369 4570 403 4636 δὲ
427 4569 616 4655 αἰτησαμένη
640 4572 725 4656 παρὰ
748 4567 819 4648 Διὸς
841 4572 898 4653 τὴν
922 4567 994 4654 βοῦν
1018 4567 1145 4654 φύλακα
1173 4567 1268 4652 αὐτῆς
1295 4563 1386 4630 κατέ·
1408 4605 1411 4670 γ
1437 4582 1530 4647 gum,
1555 4559 1608 4624 cui
1633 4557 1783 4640 undique
1808 4554 1898 4619 oculi
1922 4576 1973 4618 re·

265 4715 379 4780 στησεν
401 4690 520 4780 Ἀργον
542 4697 597 4760 τὸν
619 4691 796 4777 Πανόπτην.
1408 4671 1411 4766 Ι
1437 4683 1626 4770 fulgebant,
1639 4680 1820 4746 custodem
1832 4680 1862 4744 ei
1873 4679 1972 4744 misit.

407 4805 447 4903 ω’)
468 4837 619 4900 Quadraret
642 4839 721 4888 etiam
744 4837 862 4904 Antiopa
885 4837 969 4901 Hyria
991 4836 1117 4900 oriunda,
1142 4849 1211 4900 quae
1226 4831 1331 4882 ‘Cadmi
1350 4828 1442 4880 mater'
1469 4829 1552 4878 fertur
1574 4827 1600 4876 iu
1624 4796 1777 4891 praecipuis
1809 4823 1974 4875 scholiorum

267 4927 292 4978 lu
311 4926 447 4994 Euripidis
466 4927 627 4978 Phoenissae
645 4926 682 4992 (v.
702 4941 717 4989 5
737 4924 892 4988 Schwartz.)
912 4924 1060 4976 codicibus.

424 5013 446 5080 ²)
466 5016 643 5067 Conseruntur
661 5031 730 5080 quae
749 5016 774 5064 in
794 5013 891 5064 Headil
908 5013 1037 5064 ‘Historia
1056 5010 1224 5063 nummorum'
1245 5027 1272 5078 p.
1293 5024 1343 5074 277
1363 5025 1403 5076 sq.
1424 5007 1549 5058 adnotata
1568 5015 1634 5056 sunt.

425 5103 447 5172 ι)
467 5107 531 5156 Cum
550 5107 595 5157 alli
610 5117 662 5156 tum
682 5103 895 5156 Muellenhoihus
915 5104 1061 5170 (Deutsche
1085 5101 1335 5154 Alterthumsitunde
1354 5098 1365 5149 l
1385 5115 1411 5164 p.
1433 5097 1476 5162 οι)
1495 5111 1621 5162 graecum
1645 5095 1697 5146 hoc
1721 5092 1914 5160 appellativum
1939 5107 1973 5142 ex

267 5195 356 5260 lingua
376 5198 535 5248 Phoenicum
554 5195 739 5261 explicabant!

424 5283 447 5350 ⁴)
467 5287 490 5335 ll
511 5302 519 5334 ι
526 5301 559 5350 53
580 5287 594 5336 ὁ
612 5286 690 5348 ’Δπις
707 5287 778 5336 κατὰ
797 5285 844 5352 τὴν
862 5283 995 5350 Ἐλλήνων
1014 5283 1135 5350 γλῶσσάν
1154 5284 1223 5332 ἐστιν
1240 5279 1368 5345 Ἔπαφος.
1407 5278 1439 5328 lli
1466 5281 1498 5328 28
1519 5277 1533 5327 ὁ
1553 5277 1582 5328 δὲ
1600 5275 1678 5338 'Amr
1697 5267 1772 5336 οὗτος
1792 5273 1821 5342 [ὁ
1839 5265 1972 5338 Ἔπαφος]

1437 4003 1640 4087 compressit
1682 4019 1715 4066 et
1764 4003 1795 4067 in
1845 4022 1972 4066 vaccae

1436 4131 1582 4216 figuram
1611 4127 1789 4206 convertit,
1820 4148 1860 4191 ne
1883 4127 1972 4214 juno

1437 4277 1513 4320 eam
1537 4269 1778 4340 cognosceret.
