4780 6044
1001 269 1213 370 juxt„

1086 487 1127 552 V.

412 627 551 692 Narrari
575 628 662 694 hanc
685 628 779 715 Jonis
803 628 965 707 fabulam,
990 653 1037 696 ex
1061 630 1206 696 Euboea
1233 631 1265 694 in
1288 630 1497 716 Aegyptum
1521 645 1557 694 ut
1583 632 1732 700 diximus
1756 635 1959 714 traductam,

252 768 438 836 postquam
455 754 725 819 Psammetichus
747 777 812 819 rex
828 755 978 838 septimo
1000 754 1140 820 saeculo
1158 755 1300 820 Graecis
1318 755 1479 822 Asiaticis
1495 772 1619 820 terram
1637 757 1782 841 aperuit,
1801 774 1961 843 coeptam

252 899 329 942 esse
352 896 445 944 recte
462 880 592 944 monuit
608 880 841 945 Kirchhoffius
857 877 1023 965 (Odyss.²
1040 901 1073 964 p.
1089 878 1177 964 330).
1224 881 1267 944 Et
1285 897 1499 964 quaerentes
1524 881 1621 945 cuius
1637 881 1781 947 nationis
1799 884 1961 968 regionis·

252 1026 320 1087 que
343 1005 476 1084 suerint,
501 1006 596 1090 apud
620 987 723 1090 quos*
733 1007 883 1071 fabulam
909 1007 1056 1071 carmine
1080 1007 1361 1090 comprehensam
1388 1006 1581 1070 Hesiodeus
1605 1005 1663 1070 ille
1687 1023 1793 1090 poeta
1817 1009 1960 1086 dederit,

252 1151 437 1214 possumus
461 1130 621 1197 nonnulla
646 1155 693 1196 ex
715 1132 831 1197 indole
855 1149 889 1197 et
913 1149 1117 1219 argumento
1142 1131 1240 1196 huius
1264 1128 1536 1216 ‘Catalogorum’
1563 1133 1672 1216 partis
1700 1154 1765 1198 non
1789 1133 1962 1218 improba-

251 1255 364 1320 biliter
398 1257 601 1337 coniectare,
634 1257 731 1323 velut
766 1279 812 1322 ex
847 1259 908 1346 Jus
944 1279 1007 1342 per
1039 1257 1218 1343 Scythiam
1252 1273 1454 1340 ceterasque
1486 1257 1582 1322 Ponti
1616 1274 1734 1342 partes
1769 1273 1803 1323 et
1839 1276 1962 1346 gentes

251 1383 536 1466 septentrionales
560 1384 814 1468 Hyperboreos
831 1385 974 1468 Grypes
991 1383 1186 1448 Semicanes
1210 1383 1297 1448 alios
1321 1382 1468 1466 palatae.
1508 1382 1666 1467 Septimo
1690 1384 1776 1448 enim
1801 1401 1835 1449 et
1859 1399 1962 1450 sexto
1998 1435 1999 1440 η

251 1529 281 1572 a.
307 1507 387 1573 Chr.
412 1509 552 1574 saeculo
583 1510 613 1574 in
637 1510 786 1574 Ponticis
815 1509 1016 1596 regionibus
1046 1508 1111 1573 soli
1135 1510 1249 1596 Jones,
1274 1507 1395 1573 Milesii
1427 1509 1641 1592 praesertim,
1670 1531 1781 1593 paene
1813 1511 1964 1576 domina·

251 1634 384 1699 bantur.
431 1634 578 1700 Accedit
606 1634 824 1720 genealogia,
856 1656 961 1718 quam
991 1635 1088 1699 unius
1119 1633 1264 1699 hominis
1295 1650 1389 1698 certa
1414 1633 1591 1700 voluntate
1626 1636 1854 1720 compositam
1886 1657 1963 1702 esse

252 1758 371 1824 tabula
398 1759 483 1824 infra
511 1782 558 1824 ex
587 1760 650 1838 eis,
675 1782 766 1844 quae
794 1777 828 1824 et
856 1759 1062 1826 Kirchosfius
1091 1782 1125 1844 p.
1150 1780 1214 1844 325
1246 1780 1323 1843 sqq.
1349 1775 1382 1824 et
1407 1781 1477 1845 ego
1505 1780 1611 1843 supra
1638 1761 1881 1844 exposuimus,
1907 1762 1964 1825 de·

250 1884 379 1970 scripta
408 1887 624 1970 comprobat.
671 1887 782 1952 Unam
813 1909 882 1950 rem
914 1885 1228 1972 praemonebimus,
1253 1907 1344 1968 quae
1367 1886 1412 1949 ad
1436 1887 1625 1950 stemmatis
1654 1887 1804 1950 radicem
1828 1903 1963 1972 spectat

251 2011 397 2094 sinitque
432 2012 624 2076 accuratius
661 2033 874 2077 communem
910 2011 1123 2097 Apollodori
1159 2028 1192 2076 et
1226 2011 1356 2098 Hygini
1389 2010 1684 2097 mythographum
1720 2011 1831 2094 qualis
1864 2013 1963 2078 suerit

253 2137 460 2220 perspicere.
497 2138 661 2216 Pirenem‚
683 2153 719 2202 ut
737 2139 886 2203 diximus
903 2159 937 2222 p.
949 2137 1069 2216 XXX,
1088 2138 1148 2225 Jus
1165 2153 1299 2221 patrem
1316 2131 1512 2201 ‘Hesiodus'
1528 2137 1695 2201 constanti
1712 2138 1846 2202 nomine
1862 2159 1964 2203 voca·

252 2281 360 2343 verat,
395 2280 430 2329 et
464 2265 617 2328 Pirenem
652 2281 686 2329 et
722 2265 889 2330 Pirantem
928 2264 1170 2350 Apollodorus
1210 2285 1255 2326 ex
1292 2263 1459 2327 varietate
1493 2261 1526 2325 in
1562 2262 1656 2326 fonte
1688 2283 1754 2327 suo
1790 2265 1962 2348 apposita.

251 2391 413 2476 Hyginus
436 2412 523 2456 vero
555 2391 587 2455 in
619 2391 742 2456 ceteris
774 2391 917 2478 egregie
949 2412 1024 2456 cum
1050 2387 1248 2455 ‘Hesiodeo’
1270 2389 1455 2454 summario
1484 2389 1684 2474 conspirans
1711 2391 1841 2455 omisso
1865 2406 1964 2474 patre

253 2517 429 2582 Hesiodeo
454 2521 511 2582 ‘ex
535 2518 660 2582 lnacho
685 2534 719 2582 et
743 2515 865 2603 Argia'
888 2517 1074 2582 secundum
1102 2515 1256 2601 tragicos
1280 2516 1400 2602 Jonem
1430 2530 1542 2579 natam
1574 2516 1767 2580 adnotavit:
1792 2533 1829 2581 ut
1853 2533 1966 2581 errent

251 2643 463 2729 gravissime,
488 2644 592 2727 siqui
610 2629 738 2729 Hygini
763 2642 898 2708 fabulas
922 2643 1055 2728 integra
1071 2663 1147 2706 esse
1164 2657 1345 2725 poetarum
1363 2655 1567 2727 argumenta
1584 2642 1801 2706 contendunt.
1851 2641 1965 2729 Πείρας

251 2769 464 2854 Apollodori
493 2769 588 2856 audit
620 2769 764 2854 Hygino
792 2770 968 2856 ΙΙείρανθας
997 2767 1167 2852 exemplis
1195 2766 1311 2850 qualia
1340 2783 1418 2831 sunt
1445 2768 1551 2846 Μέλας
1580 2783 1613 2830 et
1637 2768 1806 2846 Μέλανθος
1834 2765 1965 2852 (Herm.

254 2896 338 2959 1888
362 2915 396 2978 p.
421 2895 488 2977 614
504 2893 608 2958 GGA
634 2895 718 2977 1889
743 2915 777 2976 p.
802 2891 881 2977 805)
905 2891 1087 2958 stabilitus.
1127 2895 1247 2976 ltaque
1271 2909 1341 2958 tres
1359 2892 1473 2957 varias
1498 2893 1651 2957 eiusdem
1675 2893 1817 2956 nominis
1837 2894 1965 2957 formas

250 3021 282 3085 in
308 3021 476 3084 communi
500 3019 762 3105 mythographo
786 3019 884 3083 iuxta
908 3019 1041 3102 positas
1058 3018 1302 3083 concludimus.
1350 3019 1507 3102 Denique
1530 3018 1623 3085 initia
1645 3019 1797 3103 capitum
1813 3019 1858 3082 ad
1876 3019 1964 3082 hanc

251 3187 322 3230 rem
347 3167 549 3250 pertinentia
573 3165 805 3228 conferantur:

339 3312 506 3399 Φορωνεὺς
541 3313 574 3377 δὲ
606 3311 707 3396 πάσης
740 3317 795 3394 τῆς
829 3311 956 3395 ὕστερον
989 3307 1230 3392 Πελοποννήσου
1260 3307 1403 3444 upana-y
1474 3303 1531 3369 Ex
1555 3305 1738 3370 Phoroneo
1770 3323 1804 3371 et
1834 3304 1965 3391 †Cinna

249 3436 454 3526 γορευθείσης
477 3438 674 3506 δυναστεύων
697 3437 734 3501 ἐκ
751 3435 924 3521 Τηλεδίκης
940 3435 1059 3522 νύμφης
1075 3431 1170 3500 Ἀπιν
1193 3437 1246 3498 καί
1263 3431 1402 3567 Νιόβηνη
1429 3429 1610 3514 (Teledica
1637 3429 1664 3514 l)
1700 3431 1768 3495 nati
1804 3431 1894 3517 Apis
1931 3449 1964 3498 et

250 3562 462 3650 ἐγέννησεν..
488 3563 601 3649 Νιόβης
624 3565 731 3627 δὲκαὶ
756 3559 997 3648 Διὸς,ᾖπρὼτη
1023 3561 1145 3644 γυναικί
1176 3559 1252 3636 Ζεὺς
1276 3561 1377 3646 θνητῇ
1399 3582 1402 3699 η
1428 3555 1550 3619 Nioba.
1587 3553 1685 3620 Hanc
1702 3556 1862 3643 Juppiter
1877 3579 1966 3622 mor·

251 3693 352 3779 ἐμίγη,
361 3704 433 3768 παίς
442 3688 559 3778 Ἀργος
569 3690 706 3775 ἐγένετο·
720 3690 762 3767 ὡς
773 3691 806 3753 δὲ
819 3685 1024 3765 Ἀκουσίλαός
1037 3707 1122 3774 φησι,
1134 3685 1189 3751 καί
1202 3685 1376 3770 Πελασγὸς,
1429 3679 1532 3744 talem
1569 3681 1712 3764 primam
1749 3683 1964 3766 compressit.

250 3812 304 3902 ἀφ’
327 3814 363 3880 οὑ
386 3817 546 3902 κληθῆναι
568 3819 639 3896 τοὺς
662 3817 719 3898 τὴν
741 3812 981 3899 Πελοπόννησον
1004 3815 1164 3889 οἰκοῦντας
1179 3810 1373 3896 Πελασγούς.
1427 3805 1483 3869 Ex
1508 3827 1549 3869 ea
1574 3821 1672 3870 natus
1696 3823 1747 3872 est
1772 3807 1903 3893 Argus,

249 3939 389 4020 Ἡσίοδος
416 3943 451 4007 δὲ
473 3944 527 4007 τὸν
543 3941 708 4026 Πελασγὸν
732 3939 913 4026 αὐτόχθονά
937 3961 1029 4026 φησιν
1053 3937 1176 4006 είναι..
1200 3933 1321 4022 Ἀργος
1342 3936 1376 4000 δὲ

253 4068 360 4154 λαβὼν
384 4072 440 4154 τὴν
464 4067 621 4154 βασιλείαν
645 4063 699 4152 ἀφ’
722 4066 834 4131 ἑαυτοῦ
866 4065 922 4146 τὴν
952 4062 1192 4150 Πελόποννησον
1225 4034 1376 4127 ἐκάλεσεν

249 4191 383 4280 Ἄργος,
406 4195 460 4258 καὶ
483 4193 586 4301 γήμας
608 4192 750 4280 Εὐάδνην
773 4194 829 4275 τὴν
853 4187 1028 4296 Στρυμόνος
1052 4190 1105 4253 καί
1129 4187 1260 4274 Νεαίρας
1289 4187 1376 4252 ἐτὲκ-
1682 4271 1689 4288 ⁸
1815 4273 1822 4288 .

249 4342 347 4385 νιυσεν
379 4317 538 4406 Ἔκβασον
561 4319 716 4404 Πείραντα
749 4315 933 4401 Ἐπίδαυρον
968 4315 1105 4402 Κρίασον
1137 4309 1378 4396 (‘Tirynthem'
1428 4271 1965 4414 etEuadneCPfflSUSPffamhus

250 4443 357 4509 schol.
403 4445 485 4509 Eur.
537 4443 598 4509 Or.
643 4464 707 4528 932
754 4439 884 4525 addit),
933 4443 965 4520 ὃς
1015 4443 1068 4506 καί
1116 4443 1171 4525 τὴν
1220 4439 1377 4526 βασιλείαν
1427 4390 1584 4460 Ecbasus
1615 4412 1683 4462 nau
1715 4395 1858 4482 (celem
1891 4399 1966 4463 ‘¹⁶⁵'

248 4571 437 4660 παρέλαβεν.

1429 4020 1486 4104 qui
1499 4039 1564 4084 suo
1582 4021 1716 4086 nomine
1734 4021 1855 4107 Argos
1867 4025 1965 4107 oppi-

1398 4141 1401 4207 l
1428 4145 1785 4232 dumcognnminavit.
1800 4147 1965 4234 ExArgo

1427 4520 1573 4606 perata).

249 4767 411 4852 intellegltur
429 4787 471 4850 (lr.
495 4801 504 4835 ι
528 4801 554 4850 p.
576 4785 608 4848 78
623 4785 682 4850 K.):
705 4787 769 4849 φασί
788 4784 816 4834 bl
834 4785 882 4834 καί
900 4781 1118 4848 etrele-folrado
1135 4779 1281 4848 ἡγοιηιίνης
1301 4779 1386 4831 αὐτῶν
1404 4779 1565 4846 Τελεσίλλης
1584 4785 1630 4848 τῆς
1648 4783 1785 4848 ποιητρίας
1804 4783 1968 4848 Σπαρτιάτας

250 4877 310 4938 τοὺς
334 4876 461 4941 ἀλκίμους
488 4877 522 4926 τὰ
544 4875 659 4940 πολίαιυ
685 4875 809 4938 ostelens
833 4873 913 4938 μόνον
936 4873 1086 4936 τρέψασθαι
1108 4873 1154 4924 καί
1177 4871 1281 4934 ίιιείνας
1305 4872 1336 4921 τὸ
1359 4872 1436 4931 ἀδεὲς
1461 4873 1507 4920 τοῦ
1530 4871 1649 4922 θανάτου
1667 4872 1888 4938 περιποιήσασθαι
1908 4887 1915 4902 ·
1934 4874 1967 4926 τὰ

251 4963 330 5030 ὅμοια
348 4965 421 5031 λίγει
438 4967 485 5016 καί
505 4967 520 5015 ὁ
538 4966 586 5032 τὴν
604 4965 719 5015 Δαναΐδαι
736 4962 887 5027 πεποιηκὼς
906 4963 947 5012 inl
967 4965 1018 5012 τῶν
1036 4961 1138 5012 Δαναοῦ
1157 4961 1310 5026 θυηαιίριιιν
1329 4955 1395 5010 ὦσε·

673 5055 721 5103 καί
739 5049 791 5102 τὸτ’
813 5050 852 5115 ἂρ’
873 5050 1018 5113 ὡπλίζοντο
1038 5050 1110 5112 θοῶς
1130 5051 1242 5100 Δαναοίο
1261 5049 1392 5116 θίιγατρες

676 5142 791 5207 πρόσθεν
808 5143 925 5205 suppetet
943 5143 1062 5204 ποταμοῦ
1082 5140 1189 5190 Νείλοιο
1209 5141 1325 5202 ἄνακτος
1366 5171 1368 5181 ι
1444 5157 1447 5169 ·

248 5237 295 5288 καί
314 5235 347 5284 τὰ
366 5235 433 5302 ίξῆς,
