4780 6044
1222 233 1432 334 .-„-?<!¹„‚

470 449 521 514 lX
549 470 613 534 293
644 470 733 534 sqq,
766 449 825 514 ubi
857 451 928 514 sata
960 471 1023 516 sua
1056 449 1249 518 Alcumena
1282 471 1443 518 enarrans
1474 451 1520 516 de
1552 465 1653 534 partu
1686 449 1843 516 Herculis
1876 449 1962 516 haec
1999 471 2076 516 cum
2105 449 2169 538 Jola

471 574 746 642 communicavit:

790 717 925 786 septem
949 721 1019 788 ego
1042 723 1106 788 per
1129 721 1259 784 noctes,
1284 703 1428 770 totidem
1453 701 1604 768 cruciata
1628 689 1761 780 diebus,

789 829 881 892 sessa
904 827 1002 894 malis
1026 830 1239 916 tendensque
1262 831 1307 896 ad
1332 827 1467 896 caelum
1491 828 1652 894 bracchia
1676 849 1803 914 magno

790 955 952 1020 Lucinam
975 956 1158 1040 Nixosque
1181 973 1299 1042 patres
1323 955 1475 1022 clamore
1498 953 1680 1020 vocabam.

791 1078 850 1146 illa
873 1081 1013 1166 quidem
1036 1083 1141 1162 venit,
1164 1084 1228 1148 sed
1252 1097 1506 1168 praecorrupta
1529 1101 1713 1164 meumque

792 1229 883 1292 quae
905 1207 1037 1274 donare
1060 1223 1165 1293 caput
1189 1209 1312 1296 Junoni
1335 1207 1441 1274 vellet
1465 1207 1611 1292 iniquae,

791 1347 899 1418 utque
922 1354 1019 1399 meos
1042 1334 1138 1400 audit
1161 1334 1320 1421 gemitus,
1344 1333 1502 1400 subsedit
1524 1333 1556 1398 in
1580 1331 1639 1399 illa

792 1473 873 1524 ante
895 1460 989 1525 sores
1012 1481 1073 1526 ara
1097 1460 1296 1546 dextroque
1318 1483 1340 1526 a
1363 1458 1498 1546 poplite
1520 1458 1658 1525 laevum

657 1649 660 1658 ,
793 1605 914 1670 pressa
937 1608 1029 1672 genu
1053 1601 1087 1652 et
1110 1586 1229 1672 digitis
1251 1587 1338 1652 inter
1360 1607 1400 1652 se
1423 1585 1559 1671 pectine
1581 1585 1702 1652 iunctis

793 1710 953 1776 sustinuit
976 1727 1107 1797 partus.
1131 1711 1236 1778 tacita
1259 1734 1402 1798 quoque
1425 1712 1574 1778 carmina
1601 1733 1687 1778 voce

793 1837 891 1916 dixit,
916 1852 951 1903 et
974 1837 1132 1923 inceptos
1155 1852 1336 1904 tenuerunt
1359 1839 1509 1906 carmina
1531 1855 1729 1924 partus...

794 1962 1002 2050 (Galanthis)
1026 1965 1142 2032 divam
1166 1965 1373 2032 residentem
1396 1965 1483 2032 vidit
1506 1965 1538 2030 in
1562 1986 1623 2030 ara

795 2089 1028 2174 bracchiaque
1049 2091 1082 2156 in
1105 2093 1253 2178 genibus
1277 2091 1394 2180 digitis
1418 2111 1554 2158 conexa
1577 2107 1748 2156 tenentem

795 2231 829 2282 et
852 2213 1089 2302 ‘quaecunque
1113 2215 1160 2282 es‘
1184 2217 1231 2284 ait
1254 2215 1422 2284 ‘dominae
1445 2233 1600 2304 gratare:
1623 2216 1741 2284 leuata
1764 2233 1817 2282 est

794 2341 939 2429 Argolis
961 2342 1130 2408 Alcmene
1152 2345 1355 2429 potiturque
1378 2365 1551 2428 puerpera
1574 2341 1680 2410 voto.'

796 2467 934 2535 exsiluit
956 2469 1161 2554 iunctasque
1183 2489 1303 2536 manus
1326 2471 1510 2555 pavefacta
1532 2469 1662 2536 remisit

794 2595 876 2662 diva
899 2609 1024 2681 potens
1048 2595 1150 2660 uteri:
1175 2594 1295 2662 vinclis
1317 2594 1418 2663 levor
1440 2595 1518 2681 ipsa
1540 2595 1700 2662 remissis.

475 2720 511 2786 A
534 2721 706 2787 Nicandro
731 2721 878 2788 Ouidius
908 2720 1130 2788 solummodo
1162 2723 1195 2788 in
1229 2723 1364 2788 nomine
1395 2718 1634 2788 'Galanthidis’
1665 2721 1789 2801 differt,
1821 2743 1911 2806 quae
1941 2722 2110 2802 Γαλινύιας
2142 2721 2194 2786 illi

475 2847 620 2914 audivit:
668 2850 735 2916 ἐπεὶ
758 2850 792 2916 δὲ
814 2846 996 2936 Ἀλκμήνην
1019 2851 1037 2916 ύ
1060 2850 1153 2930 τύκος
1175 2852 1286 2936 ἤπειγε
1308 2861 1364 2916 τοῦ
1388 2845 1589 2936 Ἡρακλέους,
1605 2849 1717 2937 Μοῖραι
1739 2849 1793 2915 καὶ
1813 2849 1976 2916 Εἰλείθυια
1999 2853 2075 2936 πρὸς
2097 2851 2195 2936 χάριν

475 2987 530 3062 τής
552 2972 651 3063 Ἥρας
672 2987 818 3061 κατεῖχον
841 2977 874 3042 ἐν
896 2987 962 3055 ταῖς
986 2977 1073 3044 ὠδῖσι
1100 2980 1157 3064 τήν
1180 2973 1376 3064 Ἀλκμήνην·
1422 2979 1476 3043 καί
1499 2977 1591 3042 αύται
1623 2979 1678 3063 μὲν
1707 2975 1900 3055 ἐκαθέζοντο
1930 2987 2101 3061 κρατοῦσαι
2132 2980 2195 3054 τὰς

477 3101 596 3168 ἑαυτῶν
619 3111 796 3188 χεῖρας...
821 3101 1027 3185 perterritae
1050 3101 1174 3169 deinde
1197 3123 1219 3166 a
1243 3100 1462 3168 Galinthiade
1486 3099 1606 3188 ἀνήκαν
1634 3102 1730 3180 εὐθὺς
1759 3101 1815 3181 τὰς
1842 3111 1961 3188 χεῖρας,
2007 3097 2195 3187 Ἀλκμήνην

476 3229 511 3294 δὲ
533 3227 700 3294 κατέλιπον
722 3227 818 3307 eunuc
841 3228 872 3293 αἱ
895 3229 1011 3312 ὠδῖνες,
1035 3231 1088 3294 καί
1111 3227 1234 3314 ἐγένετο
1257 3219 1417 3314 Ἡραιιλής
1441 3224 1628 3312 (Antonius
1651 3225 1820 3292 Liberalis
1845 3245 1888 3310 29
1911 3247 1945 3310 ρ.
1960 3245 2022 3311 227
2049 3225 2193 3310 West.).

478 3351 633 3436 Denique
666 3373 713 3416 ex
742 3353 829 3418 Istro
859 3350 1092 3421 Callimacheo
1124 3351 1257 3419 scholia
1292 3350 1533 3438 Townleyana
1565 3353 1612 3420 ad
1635 3352 1750 3419 Iliadis
1774 3352 1806 3417 T
1833 3374 1896 3436 119
1919 3353 1963 3416 de
1995 3350 2194 3416 Alcumena

478 3476 565 3542 haec
587 3493 780 3544 servarunt:
804 3475 925 3566 Ἴστρος
948 3479 983 3546 δέ
1005 3500 1098 3566 φησιν
1121 3479 1290 3566 ύιδινούσης
1313 3475 1493 3566 Ἀλκμήνης
1514 3482 1570 3558 τὰς
1592 3491 1699 3567 χεῖρας
1722 3487 1849 3566 συσχεῖν
1871 3483 1927 3557 τὰς
1946 3479 2072 3566 Μοίρας,
2088 3481 2194 3566 γαλῆς

478 3606 512 3670 δὲ
524 3604 743 3692 παρελθούσης
759 3605 924 3672 ἀναλῦσαι·
941 3609 994 3672 καί
1009 3605 1178 3692 τεχύέντος
1195 3608 1290 3672 amon
1305 3602 1493 3690 (Herculis)
1509 3607 1697 3692 νομισύήναι
1712 3601 1817 3691 Γαλήν
1832 3603 1908 3672 είναι
1929 3607 2013 3688 αύτῷ
2029 3599 2190 3691 τρορύνί).

479 3728 638 3795 Diximus
662 3730 707 3794 de
729 3729 782 3795 his
805 3729 996 3796 nominibus
1018 3731 1170 3816 propriis
1192 3731 1225 3795 in
1248 3731 1378 3796 Herma
1405 3733 1489 3796 1888
1513 3753 1548 3815 p.
1573 3733 1648 3814 614.
1684 3731 1794 3796 Porro
1818 3729 2011 3796 felicissime
2033 3729 2192 3796 Marxius

478 3853 511 3919 in
534 3854 654 3920 mutilo
678 3856 831 3939 quodam
854 3877 1024 3922 marmore
1047 3871 1212 3941 spariano
1235 3855 1411 3922 mulierem
1435 3857 1580 3944 agnovit
1600 3856 1845 3942 parturientem
1867 3878 1972 3942 opem
2002 3857 2191 3924 terentibus

479 3981 532 4048 dis
556 3981 664 4062 Nixis,
689 3979 799 4047 altero
823 4003 923 4048 omen
947 3998 1094 4062 arcente,
1119 3981 1230 4049 altero
1254 3981 1422 4048 muliebre
1438 4003 1566 4066 corpus
1581 3982 1716 4048 sinistra
1733 3998 1906 4069 tangente,
1924 4005 2026 4067 quem
2042 3981 2190 4070 Ἔπαφον

478 4109 552 4174 iure
572 4107 703 4174 dixeris
725 4109 801 4176 sive
815 4105 999 4197 Ὀρσίλοχον
1014 4109 1035 4173 i.
1053 4131 1082 4174 e.
1099 4105 1187 4174 ‘eum
1212 4109 1270 4194 qui
1292 4113 1329 4176 τὸ
1352 4110 1493 4197 λοχιύειν
1507 4104 1643 4186 incitat’,
1661 4121 1698 4172 ut
1715 4123 1768 4172 est
1782 4107 1961 4195 Iphigenia
1976 4105 2189 4196 Ὀροιλύγειας

480 4235 595 4320 possis
618 4235 721 4300 etiam
743 4233 965 4304 Ἠπιον-Ἀττιν
988 4255 1127 4314 vocare,
1153 4234 1311 4320 quoniam
1343 4234 1414 4298 miti
1446 4249 1541 4300 motu
1565 4249 1603 4298 ut
1626 4231 1755 4298 Lucina
1786 4233 1957 4298 Ouidiana
1986 4232 2187 4318 opitulatur.

481 4359 634 4427 Pellucet
656 4360 715 4428 uel
738 4361 833 4452 apud
859 4359 1072 4446 Aeschylum
1097 4360 1240 4446 pristina
1262 4359 1360 4448 Jovis
1383 4353 1525 4446 Ἐπάφου
1548 4375 1669 4424 natura
1693 4359 1826 4424 medica
1849 4381 1882 4424 v.
1911 4379 1995 4443 1034
2011 4381 2088 4444 sqq.
2113 4381 2189 4424 can·

480 4501 574 4552 tante
606 4487 713 4553 choro
747 4484 849 4572 (Ζεὺς)
882 4484 934 4554 Ἰὼ
966 4495 1106 4574 πημονᾶς
1130 4483 1256 4554 ἐλύσατ’
1278 4485 1313 4552 εύ
1335 4489 1414 4573 χειρί
1437 4486 1580 4573 παιωνίᾳ,
1610 4486 1831 4572 καταστρορὰν
1854 4486 1976 4572 εὐμενεῖ
1996 4485 2047 4572 βίᾳ
2069 4486 2187 4565 κτίσας.

481 4611 594 4693 Quid?
617 4613 712 4698 quod
728 4612 934 4698 cognomine
950 4611 1090 4692 Παιῶνος
1106 4611 1221 4678 Rhodi
1237 4613 1270 4677 in
1287 4613 1408 4698 argiva
1424 4609 1561 4677 colonia
1572 4611 1732 4699 Juppiter
1748 4627 1823 4676 erat
1834 4608 2008 4677 ‘Medicus’
2019 4609 2188 4696 (Hesych.

479 4761 507 4805 s.
524 4763 558 4806 v.
574 4737 715 4825 Παιιύν)ί
752 4737 1019 4804 Atheniensibus
1043 4736 1219 4804 oraculum
1243 4737 1441 4823 delphicum
1465 4738 1643 4822 praecepit
1665 4742 1734 4825 περί
1757 4739 1871 4825 ὑγιείας
1895 4739 1984 4806 θύειν
2007 4741 2060 4804 καί
2080 4742 2188 4826 εὔχεσ-

480 4869 539 4934 θαι
562 4865 609 4932 Διί
632 4861 756 4950 Ὑπάτην
781 4859 930 4950 Ἡρακλεῖ
950 4861 1126 4932 Ἀπόλλωνι
1142 4865 1365 4953 Προστατηρίιρ
1389 4861 1676 4948 (DemosthXXl
1689 4885 1723 4948 ρ.
1740 4864 1802 4950 667
1822 4861 1884 4948 8.).
1909 4863 2069 4951 Juppiter
2092 4860 2189 4950 Ἀπή-

486 5027 691 5038 -—.—-—

641 5113 663 5183 ¹)
683 5115 722 5168 Cl.
741 5117 764 5183 J.
785 5117 885 5169 Grlmm
913 5117 930 5168 l.
949 5117 966 5170 l.
986 5114 1027 5168 11⁴
1045 5133 1071 5186 ρ.
1091 5121 1144 5184 984
1172 5113 1224 5170 111⁴
1252 5133 1278 5186 ρ.
1308 5132 1368 5186 345.
1402 5145 1435 5156 —
1464 5117 1587 5182 Respicit
1614 5116 1649 5167 ad
1677 5117 1745 5168 hanc
1773 5117 1807 5167 de
1834 5116 1958 5170 Herculis
1986 5125 2044 5166 ortu
2073 5116 2190 5172 fabulam

479 5207 630 5278 (Moschus)
649 5207 686 5258 tv
706 5211 819 5278 84-87.
