4780 6044
1186 341 1309 442 xxur

1141 437 1206 443 -—.-
1264 435 1353 442 —..·--

390 555 581 622 Auctorem
607 553 819 620 ‘Hesiodum'
840 557 916 642 ipse
941 557 1126 622 nominavit
1149 557 1402 642 Apollodorus,
1426 578 1448 621 a
1472 577 1543 641 quo
1566 555 1768 640 Aeschylus
1791 556 1921 621 recedit
1948 553 2102 620 mutandi

389 703 528 745 munere
551 681 672 768 Junoni
696 681 880 768 adsignato
903 705 937 747 ν.
962 683 1036 767 285.
1084 682 1228 748 Hesiodi
1252 685 1479 770 fragmentum
1509 683 1554 748 ad
1586 679 1807 768 ‘Aegimium’
1834 681 1923 746 male
1953 682 2103 746 editores

320 896 324 902 Ι
389 803 638 890 revocarunt¹).
678 807 765 870 Nam
782 829 858 872 cum
883 829 928 872 ex
952 808 1209 892 insequentibus
1233 826 1402 894 appareat
1426 809 1580 892 Mycenis
1604 807 1741 894 Argum
1765 806 1917 891 puellam
1938 827 2102 885 vexasse,

388 932 541 1018 Aegimii
558 947 697 1015 poetam
719 932 805 997 hanc
828 955 899 997 rem
916 933 1084 998 Euboeae
1107 949 1241 1019 gestam
1266 934 1419 1000 voluisse
1442 955 1549 1018 supra
1573 933 1785 998 ostendimus
1809 953 1843 1016 p.
1860 933 1957 998 XXI.
1982 933 2103 1015 ltaque

390 1059 421 1122 in
446 1057 514 1122 alio
538 1079 685 1142 quoque
701 1073 863 1142 poemate
887 1056 1085 1124 ‘Hesiodeo’
1108 1060 1165 1136 ita,
1191 1075 1228 1123 ut
1250 1060 1354 1124 refert
1374 1057 1627 1142 Apollodorus,
1659 1059 1703 1123 de
1735 1059 1822 1146 Jone
1853 1073 1968 1123 actum
1998 1057 2103 1122 tuisse

390 1183 602 1268 conligimus.
649 1185 692 1250 Et
722 1185 882 1268 quoniam
907 1185 946 1248 sr.
971 1206 1015 1270 49
1039 1201 1072 1249 et
1097 1206 1140 1270 5⁰
1164 1179 1437 1270 ‘Catalogorum’
1459 1184 1651 1249 Danaidum
1681 1199 1715 1247 et
1740 1182 2000 1268 Aegyptiorum
2034 1182 2104 1246 t'ata

390 1325 651 1393 persequuntur,
675 1309 743 1375 hoc
767 1309 914 1376 carmine
938 1311 982 1375 de
1005 1327 1231 1394 utrorumque
1254 1311 1386 1396 origine
1410 1331 1500 1394 quae
1524 1309 1716 1374 necessaria
1740 1322 1853 1372 essent
1885 1307 2013 1392 exponi
2045 1307 2103 1371 de·

389 1436 549 1500 buerunt.
595 1434 797 1522 ‘Catalogis’
819 1437 924 1521 igitur
947 1436 1014 1500 hoc
1038 1436 1218 1502 frustulum
1250 1435 1413 1522 Aegimio
1447 1436 1623 1519 demptum
1656 1434 1871 1498 inserendum
1906 1453 1983 1498 esse
2015 1431 2103 1495 arbi·

389 1576 528 1625 tramur.
576 1562 707 1626 Versus
731 1561 827 1645 ipsos
850 1560 1036 1626 scholiasta
1060 1560 1145 1625 Plat.
1170 1561 1295 1646 Symp.
1325 1564 1384 1645 183
1409 1563 1454 1626 M.
1479 1559 1537 1645 (ε
1560 1562 1599 1625 ίτ.
1623 1558 1659 1645 4)
1683 1559 1850 1626 servavit:

817 1690 855 1754 ἐκ
878 1685 963 1754 τοῦδ’
984 1689 1076 1773 όρκον
1100 1689 1218 1774 ἔθηκεν
1241 1689 1387 1774 ἀπήμονα
1410 1687 1605 1774 ἀνθρώποισι

822 1815 986 1901 νοσῳιδίων
1009 1817 1109 1900 ἔργων
1132 1817 1202 1900 περί
1225 1814 1391 1901 Κύπριδος.

391 1941 526 2022 Quibus
543 1940 698 2005 additum
722 1940 816 2023 apud
840 1941 1051 2024 Hesychium
1076 1941 1223 2026 legimus
1246 1961 1272 2004 s.
1291 1962 1323 2004 ν.
1340 1939 1518 2026 ἀφροδίσιος
1534 1942 1639 2027 όρκοςε
1686 1948 1806 2025 πρῶτος
1830 1932 1970 2016 Ἡσίοδος
1985 1937 2103 2002 ἔπλασε

389 2073 430 2134 τὰ
452 2071 521 2153 περί
544 2069 598 2134 τόν
623 2067 680 2132 Δία
703 2070 756 2132 καί
779 2070 835 2152 τήν
859 2063 920 2132 Ἰώ.
945 2101 989 2112 -
1013 2066 1139 2130 Cetera
1162 2067 1209 2130 ita
1232 2066 1427 2150 procedunt
1450 2065 1545 2148 apud
1566 2063 1827 2147 Apollodorum
1851 2078 1886 2127 et
1909 2061 2102 2147 Hyginum:

393 2193 482 2271 ούτος
506 2190 642 2277 (Argus
667 2190 799 2274 custos)
822 2193 859 2257 ἐκ
882 2203 936 2278 της
968 2193 1074 2270 ἐλαίας
1107 2193 1271 2278 ἐδέσμευεν
1307 2192 1413 2277 αὐτήν,
1448 2195 1514 2277 ήτις

390 2321 423 2384 ἐν
461 2330 505 2406 τῷ
551 2313 754 2404 Μυκηναίων
778 2319 915 2404 ὑπῆρχεν
952 2319 1050 2384 άλσει.
1119 2317 1190 2394 Διὸς
1236 2318 1269 2383 δὲ
1317 2317 1515 2396 ἐπιτάξαντος
1586 2277 1993 2364 HuncMercuriusifflis
2009 2276 2102 2342 iussu

390 2441 489 2530 Ἑρμῇ
523 2445 637 2528 κλέψαι
672 2448 727 2529 τήν
761 2443 833 2529 βούν
866 2443 1056 2529 μηνύσαντος
1095 2443 1226 2527 ἱέρακος,
1259 2444 1364 2528 ἐπειδὴ
1404 2445 1516 2509 λαθεῖν
1566 2405 1741 2469 interiecit.
1795 2403 1845 2468 At
1874 2403 1963 2490 Juno
1991 2401 2103 2466 lormi-

393 2573 452 2635 ούκ
494 2569 638 2651 ἐδύνατο,
682 2570 765 2655 λίθῳ
813 2570 916 2655 βαλὼν
960 2569 1121 2634 ἀπέκτεινε
1174 2572 1227 2634 τόν
1269 2565 1397 2654 Ἀργον,
1439 2569 1515 2634 όθεν
1566 2531 1678 2594 dmm
1702 2551 1733 2592 ‘³¹
1762 2544 1907 2605 ¹¹¹¹¹¹¹¹⁵¹²¹
1940 2547 2036 2591 ⁰¹¹¹¹¹⁵
2064 2541 2104 2589 ²¹·

392 2695 612 2782 Ἀργειφόντης
635 2695 771 2781 ἐκλήθη.
818 2692 900 2780 Ἦρα
923 2696 957 2760 δὲ
979 2705 1018 2780 τῇ
1042 2694 1092 2780 βο,
1112 2692 1232 2779 οἶστρον
1248 2693 1404 2780 ἐμβάλλει·
1444 2693 1516 2777 ἠδὲ
1567 2676 1663 2719 more
1725 2654 1939 2793 exagitatam
1987 2650 2104 2790 coegit

1568 2802 1642 2844 eam
1667 2795 1704 2843 ut
1729 2801 1766 2844 se
1791 2801 1822 2842 ιιι
1851 2799 1945 2842 mare
1974 2796 2104 2861 praect-

392 2832 515 2908 πρῶτον
540 2824 594 2906 μέν
617 2821 693 2906 ήκεν
717 2823 758 2898 εἰς
781 2824 834 2886 τόν
858 2817 913 2886 ἀπ’
935 2821 1054 2905 ἐκείνης
1070 2816 1177 2886 Ἰόνιον
1201 2821 1319 2885 κόλπον
1343 2819 1515 2905 κληθέντα,

1377 2942 1516 3030 βαλοῦσα
1567 2907 1703 2988 piaret,
1728 2904 1823 2988 quod
1852 2923 1945 2966 mare
1968 2901 2104 2988 Jonium

391 2949 497 3013 ἔπειτα
520 2950 639 3032 διαίτης
656 2943 823 3032 Ἰλλυρίδος
839 2947 1030 3031 πορευθεῖσα
1046 2945 1098 3010 καί
1114 2948 1168 3012 τόν
1183 2943 1283 3028 Αίμον
1299 2945 1375 3030 ύπερ

390 3071 474 3160 διέβη
498 3077 551 3140 τόν
583 3072 653 3139 τότε
685 3075 739 3160 μὲν
771 3072 963 3158 καλούμενον
997 3072 1100 3157 Πόρον
1132 3069 1279 3157 Θρᾴκιον,
1310 3077 1363 3136 νῦν
1397 3071 1431 3136 δὲ
1462 3068 1517 3136 ἀπ’
1567 3047 1618 3095 ρετ
1643 3026 1868 3113 appfflatum'

390 3197 509 3284 ἐκείνης
532 3197 709 3284 Βόσπορον·
734 3197 876 3267 ἐλθοῦσα
899 3199 933 3262 δὲ
956 3198 998 3274 εἰς
1022 3197 1164 3262 Σκυθίαν
1187 3199 1240 3260 καί
1264 3197 1320 3278 τὴν
1344 3195 1516 3281 Κιμμερίδα
1567 3209 1644 3273 inde
1676 3209 1709 3272 in
1741 3206 1920 3291 Scythiam
1952 3220 2102 3269 transm.

389 3336 458 3410 γῆν,
467 3325 587 3406 πολλὴν
599 3323 711 3411 χέρσον
723 3324 922 3408 πλανηθεῖσα
932 3325 986 3387 καί
999 3322 1119 3406 πολλήν
1130 3319 1335 3406 διανηξαμένη
1349 3319 1516 3386 θάλασσαν
1567 3335 1626 3411 vit,
1661 3333 1751 3396 unde
1783 3331 1940 3414 ‘Bospori
1976 3323 2103 3411 fines'l)

389 3449 542 3534 Εὐρώπης
562 3472 596 3514 τε
611 3453 664 3514 καί
680 3446 798 3532 Ἀσίας,
821 3448 998 3513 τελευταῖον
1020 3447 1096 3532 ήκεν
1113 3448 1155 3520 είς
1167 3445 1334 3530 Αἴγυπτον,
1359 3447 1437 3509 ὅπου
1460 3445 1516 3528 τήν
1567 3475 1644 3523 sunt
1665 3458 1787 3534 dietae,
1813 3457 1891 3520 inde
1910 3455 1941 3519 ῑῃ
1955 3455 2104 3539 Aegyp.

390 3574 522 3661 ἀρχαίαν
552 3576 670 3661 μορφήν
701 3575 904 3658 ἀπολαβοῦσα
935 3584 1029 3658 γεννιζι
1059 3575 1144 3657 παρὰ
1176 3581 1219 3656 τῷ
1252 3568 1354 3656 Νείλῳ
1385 3580 1515 3657 ποταμῷ
1567 3601 1648 3661 tum,
1674 3583 1732 3647 ubi
1757 3582 1847 3665 parit
1872 3579 2067 3664 Epaphum,

389 3697 534 3785 Ἔπαφον
550 3702 655 3766 παῖδα.
684 3710 793 3764 τοῦτον
809 3701 843 3764 δὲ
858 3697 941 3784 Ἥρα
957 3701 1052 3765 δεῖται
1068 3697 1238 3782 Κουρήτων
1254 3699 1358 3782 ἀφανῆ
1374 3709 1514 3781 ποιήσαι·

389 3827 418 3890 οἳ
435 3827 468 3889 δέ
484 3826 637 3910 ἠφάνισαν
655 3825 757 3890 αὐτόν.
782 3827 835 3889 καί
847 3825 924 3902 Ζεὺς
941 3825 995 3910 μέν
1012 3823 1198 3907 αἰσθόμενος
1214 3819 1325 3886 κτείνει
1342 3821 1514 3906 Κούρητας,
1566 3816 1664 3903 Jovis
1704 3836 1780 3878 cum
1835 3813 1937 3880 sciret
1978 3823 2104 3894 suapte

390 3947 442 4014 Ἰὼ
466 3951 499 4015 δέ
523 3951 572 4014 ἐπί
590 3951 717 4036 ζήτησιν
733 3959 787 4013 τοῦ
805 3949 913 4026 παιδός
929 3948 1089 4033 ἐτράπετο.
1106 3945 1292 4032 πλανωμένη
1313 3947 1346 4010 δὲ
1362 3948 1444 4009 κατὰ
1459 3949 1515 4028 τήν
1537 3923 1540 4016 ί
1566 3961 1675 4024 opera
1716 3956 1765 4004 tot
1809 3961 1884 4003 eam
1922 3955 2104 4002 aerumnas

392 4076 505 4160 Συρίαν
522 4079 646 4140 ἅπασαν
670 4072 750 4158 (ἐκεῖ
770 4079 830 4160 γὰρ
853 4074 1001 4160 ἐμηνύετο
1025 4073 1070 4137 ότι
1086 4074 1107 4158 ἡ
1122 4079 1184 4137 τῶν
1199 4071 1341 4156 Βυβλίων
1366 4021 1540 4165 βασιλέως.
1566 4065 1698 4144 tulisse,
1746 4065 1890 4128 formam
1936 4081 2033 4126 suam
2072 4059 2103 4124 ei

390 4205 468 4287 γυνή
493 4199 629 4283 ἐτιθήνει
652 4205 706 4266 τόν
729 4197 806 4285 υἱόν)
831 4203 884 4265 καί
908 4201 961 4265 τόν
976 4197 1123 4284 Ἔπαφον
1139 4198 1283 4284 εύρούσα,
1300 4197 1342 4273 εἰς
1357 4195 1515 4281 Αἴγυπτον
1566 4191 1725 4275 propiam
1754 4189 1900 4253 restituit
1930 4187 2103 4266 deamque

389 4327 530 4391 ἐλθοῦσα
554 4327 701 4412 ἐγαμήθη
725 4325 894 4412 Τηλεγόνῳ
923 4334 967 4410 τῷ
1000 4321 1191 4410 βασιλεύοντι
1224 4321 1294 4386 τότε
1327 4320 1513 4404 Αἰγυπτίων.
1566 4315 1828 4401 Aegyptiorum
1879 4333 1955 4378 esse
2011 4309 2102 4386 iecit,

390 4453 533 4537 ίδρύσατο
558 4453 591 4516 δὲ
607 4451 734 4536 ἄγαλμα
751 4450 922 4536 Δήμητρος,
938 4452 977 4534 ήν
992 4449 1147 4514 ἐκάλεσαν
1171 4444 1248 4512 Ἶσιν
1263 4444 1437 4530 Αἰγύπτιοι,
1461 4447 1514 4510 καί
1565 4463 1655 4524 quae
1678 4440 1739 4506 Isis
1760 4453 1986 4522 nuncupatur.

388 4581 598 4697 γίνεται-μόσχος
616 4631 648 4680 ἐκ
661 4631 719 4693 βοός
739 4666 745 4680 .
765 4666 772 4680 .
792 4630 927 4694 Αἰγύπτιοι
946 4631 975 4679 δὲ
993 4627 1101 4693 λέγουσι
1119 4627 1199 4688 σέλας
1217 4627 1259 4676 ἐπί
1277 4625 1325 4690 τήν
1343 4624 1402 4687 βοῦν
1421 4625 1454 4673 ἐκ
1471 4625 1518 4673 τού
1537 4621 1648 4686 ούρανοῦ
1666 4619 1808 4684 κατίσχειν,
1827 4617 1874 4668 καί
1898 4631 1939 4682 μιν
1957 4616 1990 4666 itt
2008 4613 2103 4664 τούτου

389 4724 485 4772 τίκτειν
508 4722 552 4771 τόν
576 4721 661 4770 Ἀπιν.
705 4718 952 4784 lnterpolamentum
978 4734 1011 4766 ex
1037 4717 1070 4766 lll
1096 4732 1128 4778 27
1154 4713 1248 4784 (ἐφάνη
1273 4715 1434 4780 Αἰγυπτίοισι
1458 4714 1473 4763 ό
1497 4713 1582 4774 Ἀπις,
1605 4711 1651 4762 τόν
1669 4708 1796 4774 Ἕλληνες
1819 4705 1940 4770 ’Βπαφον
1963 4700 2101 4771 καλέουσι)

389 4821 518 4876 sumptum
544 4813 622 4860 uncis
642 4809 743 4860 inclusi.
781 4809 803 4858 ll
823 4812 855 4870 38
893 4807 953 4869 τούς
977 4809 1005 4856 δὲ
1024 4808 1083 4869 βοῦς
1101 4806 1161 4866 τούς
1180 4807 1286 4868 ἔρσενας
1312 4806 1359 4853 τού
1378 4804 1495 4866 Ἐπάφου
1521 4798 1586 4852 είναι
1605 4801 1744 4864 νομίζουσι,
1765 4813 1878 4862 quocum
1899 4796 1919 4844 ll
1940 4810 1970 4858 ⁴¹
1994 4792 2101 4842 coniun-

388 4901 503 4964 gendum
522 4910 562 4950 est
581 4901 610 4950 τό
630 4904 675 4966 τῆς
694 4899 774 4961 Ἴσιος
794 4897 902 4964 ἄγαλμα
921 4898 965 4947 ἐόν
983 4897 1135 4962 γυναικήιον
1155 4895 1285 4958 βούκερων
1304 4895 1366 4956 ἐστι,
1385 4891 1509 4956 καθάπερ
1527 4889 1655 4955 Ἓλληνες
1675 4887 1742 4939 Ἰοῦν
1761 4887 1911 4952 γράφουσιν.

548 4986 569 5054 ¹)
588 4990 664 5039 Hanc
688 4989 818 5038 rationem
841 4986 1007 5051 impugnavit
1031 4985 1161 5034 acerrime
1187 4981 1367 5032 Kircbboslius
1391 4977 1520 5048 (Odyss.²
1538 4997 1565 5045 p.
1586 4982 1636 5042 328
1656 4977 1708 5043 sq.)
1728 4977 1807 5026 aliam
1833 4989 1939 5024 causam
1958 4971 2103 5038 proferens

389 5081 459 5130 utin
480 5080 658 5144 compilatore
676 5089 763 5128 tamen
783 5077 920 5126 nonsatis
940 5084 1047 5124 certam.

548 5165 570 5234 ἱ)
588 5168 708 5218 ‘Fauces'
737 5184 788 5232 pro
810 5166 896 5216 ‘fines'
924 5165 1039 5215 coniecit
1062 5163 1228 5213 Hermannus
1252 5161 1376 5226 Aeschyl.
1401 5161 1423 5211 ll
1448 5177 1474 5226 p.
1503 5162 1560 5209 160.
1597 5156 1668 5207 Male
1693 5155 1771 5206 etlam
1795 5153 1938 5203 Bursinnus
1965 5151 2103 5216 Βοσπόρου

389 5263 467 5312 στενά
485 5260 614 5312 intellexit
633 5258 676 5325 (cs.
696 5259 731 5306 M.
750 5256 888 5308 Schmidtil
912 5253 1132 5317 adnotationem).
1167 5253 1295 5318 'Bosporl
1320 5251 1395 5302 fines*
1418 5262 1458 5301 est
1474 5251 1624 5313 'Bosporus
1645 5247 1801 5297 Cimmerius
1819 5245 1955 5310 Europam
1980 5241 2015 5291 ab
2037 5241 2101 5292 Asia

388 5351 519 5402 dividens*
542 5349 666 5412 Aeschyl.
686 5347 818 5398 Prometb.
840 5361 891 5410 730
909 5343 1010 5394 llerod.
1032 5342 1068 5392 IV
1089 5357 1133 5406 45.
