4780 6044
1196 315 1337 380 XXXII

415 528 586 594 Dubitare
622 547 685 592 nos
723 525 784 591 vix
820 526 897 593 sinit
929 527 1182 611 Apollodorus
1221 529 1300 614 quin
1331 529 1453 615 Argus
1489 528 1625 594 Niobae
1658 529 1747 596 filius
1783 551 1977 615 eponymus
2012 546 2125 596 terrae

413 655 513 720 suerit
531 650 718 718 ‘Hesiodo'.
764 651 861 738 Ergo
879 651 998 718 ‘Piren'
1013 655 1074 741 Jus
1091 670 1190 738 pater
1214 655 1308 740 apud
1333 655 1479 720 eundem
1495 653 1585 719 filius
1602 654 1692 740 Argi
1716 656 1821 722 fuisse
1845 655 1944 721 nobis
1975 656 2121 722 videtur.

414 784 505 848 Ecce
528 779 648 846 tabula
672 774 881 842 ‘Hesiodea'z

1170 888 1371 954 Phoroneus

1241 1007 1302 1068 Α

1152 1103 1242 1187 Apis
1287 1104 1401 1168 Nioba

1281 1207 1403 1404 Arlgus

1299 1421 1861 1515 JN

1203 1531 1300 1596 Piren
1353 1533 1511 1598 Ecbasus
1557 1533 1753 1618 Epidaurus
1799 1533 1940 1600 Criasus

1230 1638 1273 1834 J'o
1353 1637 1498 1836 Aglenor

527 1967 631 2033 Belus
926 1961 1097 2046 Cassiopa
1113 1969 1148 2042 «1-
1163 1853 1333 2047 Epalthus
1367 1855 1488 2051 Ar'gus
1510 1965 1685 2050 Panoptes

572 2071 578 2160 Ι
929 2094 1303 2128 ρ-κ--Ᾱ

481 2183 634 2249 Thronie
1061 2178 1176 2262 Libya

572 2287 577 2377 t
1112 2283 1626 2371 [Ἂψ-Ἣ--κ

488 2399 630 2464 Arabus
1040 2392 1188 2478 Agenor
1630 2354 1809 2464 w*Belus

570 2507 576 2588 Ι
793 2499 1324 2590 sd&
1726 2516 1788 2578 Α

456 2610 877 2696 Cassiepeia†Phoenix
894 2607 947 2694 (fr.
964 2607 1022 2695 45)
1047 2608 1199 2674 Cadmus
1243 2609 1387 2694 Europa
1593 2611 1733 2676 Danaus
1779 2611 1972 2699 Aegyptus

533 2745 906 2782 p——a—
1275 2731 1336 2791 Α
1661 2717 1667 2807 l
1888 2721 1894 2808 1

517 2829 609 2894 Cilix
633 2827 779 2893 Phineus
795 2825 847 2910 (sr·
862 2823 919 2913 79)
1125 2826 1307 2908 Sarpedon
1331 2825 1443 2890 Minos
1512 2827 1765 2911 Hypermestra
1783 2831 1818 2906 4
1835 2827 1997 2912 Lynceus

684 2947 743 3008 Α
1539 2959 1965 2992 e--ffl--s

550 3046 582 3109 T
584 3045 698 3128 hynus
721 3043 966 3126 Mariandynus
1692 3044 1792 3108 Abas

1714 3163 1775 3224 Λ

1559 3257 1713 3323 Acrisius
1759 3259 1905 3324 Proetus

410 3388 595 3451 Terrarum
621 3385 741 3449 orbem
765 3383 832 3448 hoc
855 3399 1036 3448 stemmate
1059 3381 1275 3469 genealogus
1303 3381 1360 3447 ille
1383 3381 1539 3466 quisquis
1562 3382 1622 3448 fuit
1647 3382 1830 3467 complecti
1854 3382 1974 3449 voluit.
2021 3383 2120 3450 Patet

408 3514 475 3578 hoc
505 3514 549 3576 de
577 3511 702 3595 Libya.
758 3510 987 3574 Asiaticarum
1019 3508 1196 3594 regionum
1230 3530 1424 3594 eponymos
1456 3509 1583 3574 multos
1616 3509 1755 3594 recepit,
1790 3508 1880 3574 velut
1913 3509 2116 3574 Phoenicem

408 3637 548 3702 Cilicem
566 3636 804 3719 Sarpedonem
829 3634 985 3720 Lycium.
1033 3633 1122 3697 Inter
1145 3631 1309 3718 Europae
1333 3635 1428 3700 locos
1449 3633 1586 3700 Cretam
1612 3634 1732 3720 Argos
1756 3635 1945 3714 Boeotiam,
1970 3635 2118 3719 denique

409 3763 440 3826 ni
464 3760 610 3826 fallimur
633 3761 813 3824 Euboeam
837 3758 986 3822 Abantis
1010 3757 1144 3822 nomine
1168 3757 1390 3844 significatam
1416 3762 1570 3845 respexit
1595 3759 1651 3846 (cl'.
1675 3782 1781 3845 supra
1807 3783 1840 3844 p.
1861 3757 1974 3845 XXI).
2023 3759 2117 3826 Facit

408 3903 627 3964 momentum,
660 3886 755 3968 quod
789 3883 915 3948 nullam
949 3881 1145 3962 occidentis,
1178 3906 1218 3948 ne
1250 3885 1367 3950 Italiae
1397 3886 1535 3968 quidem
1569 3909 1631 3952 nec
1654 3887 1801 3966 Siciliae,
1833 3887 1895 3952 etsi
1922 3908 1988 3950 non
2012 3887 2117 3950 modo

408 4011 653 4080 Chalcidenses
675 4013 737 4080 sed
761 4010 909 4076 Phocaei
932 4029 1075 4093 quoque
1104 4025 1137 4073 et
1166 4007 1291 4075 Rhodii
1325 4011 1581 4076 florentissimas
1612 4013 1765 4080 colonias
1794 4013 1886 4078 illam
1917 4014 1949 4078 in
1983 4029 2117 4097 partem

408 4140 635 4216 deduxerant,
672 4136 869 4202 memoriam
904 4135 1087 4220 (quatenus
1125 4135 1203 4199 sciri
1239 4135 1344 4200 hodie
1383 4135 1513 4224 potest)
1553 4138 1673 4204 Iniecit.
1735 4140 1896 4225 Apparet
1936 4157 2117 4224 praeterea

408 4281 536 4349 quanta
559 4263 613 4330 hic
635 4261 853 4350 genealogus
875 4260 976 4324 fuerit
999 4282 1112 4324 rerum
1144 4261 1458 4347 geographicarum
1488 4265 1684 4351 cognitione
1715 4267 1901 4350 studioque
1932 4266 2116 4331 excellens.

408 4389 657 4477 Geographiae
680 4387 898 4474 genetrIcem,
927 4385 1024 4451 Ponti
1053 4402 1090 4450 ut
1118 4386 1268 4452 diximus
1298 4387 1464 4474 reginam,
1495 4388 1690 4454 accolarum
1719 4390 1879 4478 Aegypti
1910 4391 2116 4477 metropolin

407 4516 560 4582 Miletum
577 4536 654 4580 cum
671 4513 775 4578 Creta
790 4512 929 4596 insuper
946 4526 980 4576 et
1003 4511 1185 4576 continenti
1207 4533 1350 4596 quoque
1366 4514 1512 4578 Graecia
1535 4514 1667 4601 origine
1690 4517 1879 4582 arctissime
1903 4519 2116 4583 coniunctam

407 4643 484 4726 quis
516 4639 671 4728 ignorati
708 4639 954 4705 Gravissimam
989 4639 1224 4722 quaestionem
1260 4659 1303 4702 eo
1338 4639 1405 4702 iam
1440 4638 1658 4720 deduximus,
1693 4657 1731 4706 ut
1766 4643 1954 4710 coniciendi
1990 4645 2046 4708 via
2080 4657 2116 4708 et
2184 4691 2197 4712 .

343 4843 345 4846 ,
406 4770 557 4836 rationes
580 4767 664 4832 satis
687 4781 783 4832 certo
805 4763 973 4832 indicatae
1001 4764 1076 4830 sint.
1122 4763 1271 4830 Videant
1305 4764 1501 4848 peritiores:
1532 4768 1623 4833 adeo
1656 4767 1793 4834 difficile
1828 4786 1890 4848 est,
1923 4771 2023 4859 quid¹
2040 4770 2116 4856 ipse

405 4891 541 4957 finxerit
566 4891 621 4957 hic
643 4906 760 4976 poeta,
784 4889 868 4973 quid
892 4911 939 4952 ex
962 4889 1044 4954 viva
1067 4888 1260 4954 fabularum
1286 4891 1450 4955 memoria
1473 4893 1674 4977 susceperit,
1699 4893 1896 4978 exploratu.
2360 4921 2361 5002 p

1242 5015 1285 5082 V·
2360 5031 2361 5034 ,

565 5142 702 5209 Nullam
726 5143 883 5209 novimus
906 5141 1133 5229 tragoediam,
1157 5163 1249 5225 quae
1280 5161 1337 5206 res
1368 5162 1486 5209 sacras
1520 5159 1588 5210 tam
1625 5145 1684 5230 pio
1717 5166 1836 5210 amore
1871 5165 2113 5232 prosequatur.

404 5239 589 5356 Appulsae
607 5269 713 5356 Argis
731 5268 868 5352 puellae
884 5270 993 5336 donem
1009 5267 1188 5358 Ἀφὲκτορα
1215 5291 1226 5332 ι
1256 5268 1419 5332 invocant
1443 5287 1476 5335 et
1493 5271 1628 5358 Σωτῆρα
1652 5275 1693 5335 26
1705 5293 1842 5356 vreapse
1865 5272 2112 5361 cultum(Paus.
