4780 6044
1172 319 1381 420 „am

425 555 607 619 negamus,
639 533 807 618 siquidem
842 535 897 598 lus
930 535 1033 619 fugae
1068 534 1157 620 Argi
1191 537 1348 602 custodia
1364 517 1565 602 “secundum
1599 549 1717 599 notam
1747 533 1858 601 illamr'
1871 557 1918 598 ex
1951 533 2130 619 Aeschylo

424 658 568 744 aliisque
592 660 818 724 narrationem
842 662 1024 726 antecessit
1049 683 1111 727 nec
1134 661 1320 728 subsecuta
1343 677 1406 729 est.
1452 663 1603 744 Raptam
1632 661 1735 746 igitur
1763 681 1783 724 a
1812 662 1895 724 love
1918 659 2131 744 suspicamur

425 806 471 848 ex
494 783 561 849 alia
577 785 809 850 Euboensium
833 786 950 851 fabula
974 807 1073 852 sacra
1096 810 1186 872 quae
1209 789 1254 852 de
1269 789 1395 852 lunone
1419 803 1471 852 est
1494 787 1589 870 apud
1606 784 1823 851 Plutarchum
1848 785 1879 849 in
1896 783 2130 850 Daedalorum

424 907 672 975 Plataeensium
696 911 926 996 descriptione
947 914 985 977 fr.
1004 935 1033 997 3,
1059 915 1116 998 qui
1140 916 1299 979 iunonem
1323 913 1492 1000 virginem
1516 934 1537 977 a
1560 914 1642 978 Iove
1666 913 1758 976 furto
1781 909 1954 976 sublatam
1976 911 2007 974 in
2032 927 2132 975 antro

425 1036 577 1118 quodam
612 1057 724 1120 prope
758 1035 915 1102 Plataeas
947 1037 1152 1103 Cithaerone
1187 1053 1349 1104 montano
1383 1042 1451 1105 deo
1486 1061 1590 1123 opem
1625 1039 1754 1102 ferente
1786 1037 1993 1103 occultatam
2027 1037 2131 1101 fuisse

425 1161 553 1229 nutrice
588 1163 740 1227 Macride
776 1165 901 1230 frustra
935 1165 1228 1249 circumspiciente
1268 1165 1427 1230 narravit.
1486 1164 1620 1246 Quodsi
1655 1163 1907 1230 vetustissimus
1941 1161 2038 1227 testis
2073 1161 2131 1246 qui

424 1302 582 1371 superest
597 1287 748 1374 Aegimii
766 1287 956 1354 ‘Hesiodei’
980 1305 1084 1374 poeta
1102 1306 1135 1354 et
1152 1291 1297 1375 patriam
1313 1289 1451 1374 Epaphi
1468 1304 1502 1354 et
1519 1291 1573 1355 lus
1590 1289 1748 1375 Argivae
1764 1289 1932 1374 refugium
1952 1287 2130 1352 Euboeam

425 1431 502 1476 esse
525 1411 645 1490 voluit,
669 1414 823 1497 sequitur
847 1431 883 1480 ut
907 1431 966 1480 aut
989 1416 1168 1501 ignorasse
1186 1381 1414 1502 ‘Aegyptum’
1435 1431 1494 1480 aut
1519 1435 1595 1480 eam
1610 1415 1780 1481 Euboeae
1800 1413 1990 1499 regionem,
2014 1413 2131 1496 inqua

426 1558 501 1602 cum
525 1538 676 1622 Epapho
699 1541 736 1604 lo
764 1556 962 1606 versaretur
990 1541 1152 1627 Aegypti
1181 1542 1314 1608 nomine
1344 1543 1420 1628 ipse
1447 1541 1694 1626 significavisse
1721 1541 1967 1606 existimandus
1996 1538 2050 1604 sit.
2096 1539 2132 1602 ln

426 1687 494 1747 qua
517 1666 720 1748 quaestione
752 1666 885 1750 optime
916 1666 1037 1733 iterum
1070 1668 1169 1733 nobis
1192 1667 1391 1751 Stephanus
1424 1666 1613 1752 opitulatur
1645 1688 1672 1732 s.
1702 1688 1732 1730 v.
1756 1665 1913 1753 Αἴγυπτος
1940 1665 1971 1728 in
2000 1661 2132 1728 articuli

425 1787 518 1853 calce
551 1791 766 1855 adnectendo
796 1794 861 1858 ἔστι
891 1793 925 1858 δὲ
951 1795 1005 1859 καί
1035 1794 1115 1879 ἄλλη
1144 1793 1301 1878 Αἴγυπτος
1328 1794 1431 1880 μικρά.
1478 1794 1576 1858 Hanc
1604 1796 1758 1876 ‘parvam
1782 1785 2001 1878 Aegyptum’
2023 1809 2132 1873 nuper

425 1915 650 2000 Tuempelius
686 1915 824 2000 (Annal.
864 1917 1032 1984 Fleckeis.
1073 1917 1188 2004 suppl.
1230 1918 1305 1984 anni
1347 1920 1428 2004 1887
1465 1941 1500 2003 p.
1547 1920 1602 1982 161
1645 1916 1737 2002 sqq.)
1771 1916 1959 1982 admodum
1999 1913 2133 1980 erudita

427 2043 712 2107 commentatione
748 2044 793 2107 ad
829 2043 1039 2127 Carpathum
1076 2043 1219 2110 insulam
1257 2043 1314 2110 vel
1344 2045 1514 2110 Thraciae
1544 2066 1640 2110 oram
1673 2046 1798 2109 frustra
1832 2042 2002 2108 rettulisse
2034 2041 2133 2106 nobis

426 2167 520 2232 visus
538 2168 639 2232 etiam
656 2182 718 2246 est,
743 2183 926 2252 antequam
942 2169 1122 2234 Euboeam
1143 2169 1208 2253 ipsi
1232 2170 1496 2254 repperiremus.
1534 2170 1644 2236 Multa
1667 2171 1754 2235 enim
1778 2186 1856 2236 sunt
1880 2190 1973 2253 quae
1995 2167 2133 2253 longius

425 2291 654 2378 subtiliusque
673 2310 733 2358 aut
748 2294 823 2378 ipse
847 2293 985 2360 molitus
1008 2310 1061 2359 est
1083 2311 1143 2360 aut
1162 2316 1183 2360 a
1199 2294 1322 2362 Crusio
1346 2297 1547 2383 excogitata
1569 2297 1704 2361 incaute
1727 2295 1950 2382 propagavit.
1986 2295 2133 2360 Videant

425 2436 537 2486 tamen
554 2419 629 2504 ipsi.
655 2421 765 2486 Unam
782 2443 854 2486 rem
872 2442 935 2488 nos
951 2421 1124 2488 monuisse
1139 2421 1222 2486 satis
1239 2421 1452 2502 habebimus,
1477 2443 1581 2506 quam
1597 2443 1618 2486 a
1634 2421 1840 2507 Tuempelio
1857 2421 2132 2506 praetermissam

425 2567 501 2612 esse
525 2546 740 2612 demiramur.
787 2547 873 2612 Nam
905 2563 1044 2632 praeter
1070 2549 1184 2612 ionem
1209 2547 1392 2632 Epaphum
1417 2549 1573 2614 Danaum
1597 2549 1759 2614 Proteum
1783 2547 1840 2613 vel
1862 2546 2132 2631 antiquissimum

425 2672 683 2738 Atheniensium
707 2693 826 2759 regem
851 2674 1041 2740 fabularem
1065 2674 1256 2760 Cecropem
1281 2675 1492 2740 narrationes
1515 2674 1635 2760 quinto
1658 2697 1689 2739 a.
1714 2673 1794 2738 Chr.
1819 2696 1849 2738 n.
1877 2671 2019 2738 saeculo
2042 2687 2133 2736 ante·

424 2799 534 2864 riores
571 2821 617 2864 ex
648 2799 823 2886 Aegypto
855 2801 887 2866 in
920 2801 1072 2866 Atticam
1103 2802 1333 2867 deduxerunt.
1389 2798 1438 2865 At
1472 2800 1555 2884 quid
1588 2799 1743 2884 Cecrops
1775 2801 1821 2864 ad
1853 2798 2066 2882 Carpathum
2099 2813 2133 2861 et

390 3000 392 3004 .
425 2924 628 2990 Thraciam?
651 2926 749 3013 Ergo
774 2927 930 2994 ‘Parvam
946 2926 1165 3015 Aegyptum’
1187 2929 1218 2992 in
1243 2949 1370 3013 graeca
1393 2927 1544 3011 quadam
1567 2926 1719 3013 regione,
1749 2947 1853 3011 quam
1876 2945 1943 2990 non
1966 2943 2044 2988 cum
2068 2921 2133 2986 Ar·

425 3049 544 3136 golide
569 3067 696 3116 tantum
722 3069 755 3118 et
780 3070 924 3138 propter
940 3055 1100 3120 Proteum
1126 3076 1203 3120 cum
1220 3051 1417 3120 Chalcidica
1434 3073 1553 3118 verum
1577 3053 1679 3118 etiam
1703 3073 1781 3116 cum
1797 3049 1914 3116 Attica
1938 3047 2135 3114 cohaesisse

426 3176 610 3260 antiquitus
639 3179 826 3244 certissime
857 3194 999 3260 constet,
1028 3181 1260 3264 quaerendam
1291 3199 1369 3246 esse
1400 3193 1507 3264 patet.
1553 3176 1784 3262 Exploratum
1816 3176 1884 3240 hoc
1914 3176 1960 3240 de
1988 3173 2134 3238 Euboea

426 3315 519 3366 tanta
543 3303 825 3369 documentorum
849 3321 901 3370 est
925 3306 1124 3389 frequentia,
1149 3322 1187 3371 ut
1210 3321 1327 3370 tacere
1348 3319 1512 3388 praestet.
1524 3299 1549 3386 ¹)
1580 3303 1794 3386 Relinquitur
1817 3301 1978 3388 Aegypti
2002 3319 2134 3376 nomen,

426 3427 522 3512 quod
546 3450 710 3514 graecum
734 3449 811 3496 esse
839 3431 1128 3497 consentientibus
1155 3431 1276 3495 harum
1307 3449 1419 3496 rerum
1452 3429 1581 3513 peritis,
1612 3449 1689 3493 cum
1713 3427 1932 3514 Aegyptium
1962 3447 2038 3492 esse
2069 3443 2135 3490 non

427 3553 538 3636 possit
569 3552 765 3638 (Tuempel.
798 3554 820 3620 l.
853 3578 881 3621 c.
911 3578 944 3641 p.
979 3555 1064 3642 161),
1097 3555 1154 3623 vel
1187 3557 1234 3620 ob
1266 3575 1307 3620 ea
1337 3554 1539 3641 conligimus
1569 3577 1659 3639 quae
1690 3555 1868 3639 hucusque
1898 3551 2135 3638 exposuimus.

426 3679 527 3742 Viam
551 3679 652 3744 etiam
676 3680 919 3765 Lycophronis
941 3681 1144 3748 Alexandra
1168 3681 1316 3766 praeivit
1338 3704 1372 3747 ν.
1397 3683 1463 3767 850
1485 3701 1562 3765 sqq.
1586 3680 1673 3746 haec
1697 3681 1741 3745 de
1765 3678 1897 3744 Helena
1920 3693 1955 3743 et
1977 3674 2136 3742 Menelao

426 3805 458 3869 in
482 3804 663 3869 Graeciam
687 3807 909 3874 redeuntibus
933 3809 1157 3894 proferendo:

855 3934 1005 4021 ἐπόψεται
1028 3937 1062 4002 δὲ
1085 3939 1156 4014 τοὺς
1179 3935 1381 4022 repetebam,
1403 3934 1480 4019 γύας

853 4065 907 4128 ml
931 4063 1055 4147 ῥεῖθρον
1078 4057 1254 4147 'Andriorum
1278 4058 1374 4144 (Nili)
1396 4063 1449 4126 καὶ
1471 4060 1669 4148 χαμευνάδας

854 4191 944 4268 εὐνὰς
967 4186 1128 4274 δυσόδμοις
1153 4189 1248 4274 θηρσὶ
1271 4186 1532 4273 συγκοιμώμενος.

853 4315 908 4380 καὶ
931 4316 1034 4380 πάντα
1055 4309 1180 4398 τλήσετ’
1203 4309 1305 4378 οὕνεκ’
1327 4309 1455 4397 Ἀίγὺας
1477 4316 1570 4391 κυνὸς

854 4451 909 4526 τῆς
933 4440 1127 4526 animam
1149 4442 1202 4504 ut
1224 4439 1383 4526 τμάνορος
1405 4439 1510 4524 κόρης·

427 4565 547 4651 Αἰγὺαν
568 4563 735 4630 Helenam
760 4565 818 4646 qui
842 4565 887 4630 ad
910 4563 1085 4628 Arcadiae
1108 4563 1277 4649 oppidum
1301 4562 1433 4648 Aegyn
1457 4577 1622 4627 revocant
1645 4563 1727 4647 quid
1751 4559 1904 4625 Helenae
1927 4581 2004 4623 cum
2028 4556 2138 4621 Arca·

428 4690 485 4756 dia
512 4692 555 4756 sit
585 4691 687 4757 velim
716 4693 956 4775 respondeant.
1004 4691 1102 4756 Dixit
1129 4712 1184 4755 me
1207 4689 1319 4755 iudice
1342 4687 1534 4773 Lycopbro
1557 4687 1687 4774 Αἶγυ-ος
1710 4707 1775 4771 pro
1799 4685 1994 4786 Atyri-attor,
2021 4703 2139 4766 quem-

427 4818 614 4882 admodum
646 4818 757 4902 Alto-t
788 4837 938 4900 quoque
964 4831 1131 4882 consueto
1165 4815 1365 4882 decurtandi
1389 4835 1485 4879 more
1509 4828 1602 4877 recte
1635 4836 1681 4877 ex
1712 4813 1882 4897 Αἰγυ-πτος
1915 4810 1990 4874 elici
2020 4821 2137 4893 queat,

428 4959 462 5007 et
486 4942 651 5008 Helenam
681 4944 775 5028 apud
806 4942 1010 5030 Aegyptios
1041 4960 1309 5008 commorantem
1341 4941 1491 5007 indicare
1515 4923 1644 5005 'voluit
1698 4936 1860 5024 Amplius
1892 4957 2059 5022 quaerere
2092 4935 2138 5000 de

589 5193 609 5262 ¹)
628 5193 966 5268 Fortasse'ahuczpertlnet,
986 5195 1059 5260 quod
1078 5195 1201 5260 ¹Cecrops
1221 5194 1338 5245 Athenas
1357 5192 1460 5246 Diades
1479 5193 1505 5241 in
1524 5189 1727 5258 septentrionali
1746 5189 1876 5240 Euboeae
1895 5197 1972 5256 parte
1983 5185 2140 5239 condidisse

429 5290 536 5342 dicitur:
556 5289 589 5338 cf.
610 5289 644 5338 Ο.
664 5288 802 5338 Mulierum
822 5287 949 5338 Orchom.
969 5301 997 5351 p.
1021 5287 1069 5335 116
1088 5292 1129 5352 sq.
