4780 6044
1154 307 1366 448 σου,

354 660 357 666 ¹
403 525 538 628 l³indari
554 562 634 628 loco
645 580 744 630 antea
757 585 791 648 p.
802 563 957 630 XXXVI
973 562 1079 629 allato
1094 565 1287 652 ματροπάλος
1301 567 1453 629 ‘matrem
1467 560 1598 630 curans'
1607 563 1822 646 interpretari
1831 578 1865 628 et
1875 565 1920 630 ad
1930 563 2114 632 levandum

404 703 540 771 partum
568 689 705 768 referre,
739 690 853 773 possis
880 727 923 736 -
953 705 989 754 ut
1023 689 1093 756 sere
1120 690 1159 754 fit
1180 725 1225 738 -
1248 690 1367 755 Matris
1397 689 1545 776 Magnae
1577 689 1690 756 socias
1713 687 1770 755 vel
1802 691 2002 756 sacerdotes
2034 691 2113 756 sub·

403 813 604 900 intellegere
628 816 717 880 duce
740 815 918 880 Lactantio
942 815 1046 880 instit.
1070 816 1084 877 Ι
1109 835 1221 899 22,19:
1248 815 1430 900 ‘Didymus
1453 815 1485 880 in
1509 813 1604 880 libris
1628 811 1826 902 Ἑξηγήοεως
1847 815 2034 902 Πινδαρικῆς
2055 816 2112 894 ait,

403 938 561 1005 Melissea
594 940 806 1006 Cretensium
842 963 961 1028 regem
998 941 1144 1025 primum
1179 941 1243 1005 diis
1277 941 1489 1006 sacrificasse
1522 961 1563 1004 ac
1603 941 1688 1006 ritus
1723 961 1834 1006 novos
1866 961 2114 1025 sacrorumque

403 1086 552 1149 pompas
575 1066 816 1132 introduxisse.
863 1067 974 1132 Huius
1002 1067 1089 1133 duas
1117 1066 1222 1132 fuisse
1244 1066 1331 1132 filias
1355 1065 1575 1132 Amaltheam
1605 1083 1638 1130 et
1662 1065 1851 1146 Melissam,
1877 1087 1967 1150 quae
1989 1068 2112 1154 Jovem

403 1211 547 1274 puerum
564 1193 705 1276 caprino
720 1192 810 1258 lacte
833 1214 874 1257 ac
898 1192 999 1256 melle
1023 1193 1219 1256 nutrierunt.
1259 1192 1359 1257 Unde
1383 1191 1521 1276 poetica
1545 1190 1602 1256 illa
1625 1191 1742 1257 fabula
1766 1192 1933 1277 originem
1956 1193 2112 1276 sumpsit,

402 1315 587 1382 advolasse
619 1338 704 1401 apes
736 1333 842 1402 atque
874 1338 914 1382 os
947 1318 1046 1402 pueri
1077 1315 1179 1381 melle
1213 1315 1416 1400 complesse.
1467 1316 1639 1382 Melissam
1671 1337 1758 1382 vero
1791 1339 1811 1381 a
1840 1333 1941 1400 patre
1968 1317 2113 1401 primam

402 1442 618 1508 sacerdotem
650 1444 751 1508 Matri
785 1445 935 1531 Magnae
973 1442 1206 1508 constitutam:
1242 1443 1333 1507 unde
1372 1443 1485 1508 adhuc
1521 1443 1673 1508 eiusdem
1701 1443 1822 1508 Matris
1849 1443 2017 1508 antistites
2044 1444 2114 1507 Me-

404 1566 507 1632 lissae
530 1566 787 1652 nuncupantur.'
835 1568 1032 1654 Cogitabile
1056 1583 1248 1650 utrumque.
1295 1569 1329 1631 ln
1353 1568 1568 1633 dubitatione
1592 1568 1786 1634 desinimus.

508 1695 602 1778 Adp.
616 1694 658 1760 X.
682 1695 780 1781 Jovis
793 1694 954 1782 Λεχεάτου
972 1717 1066 1760 aram
1082 1693 1284 1778 Alipheraei
1295 1693 1454 1759 Arcades
1472 1711 1659 1780 posuerant
1676 1699 1732 1762 άτε
1745 1697 1885 1762 ἐνταῦθα
1895 1700 1952 1782 τὴν
1965 1693 2113 1783 Ἀθηνᾶν

401 1819 545 1899 τεκόντος
558 1819 671 1904 (Paus.
686 1818 880 1904 V11126,6),
895 1822 1184 1906 quemadmodum
1196 1820 1300 1908 Λεχὼ,
1315 1819 1564 1904 Spartanorum
1577 1821 1643 1886 dea
1660 1821 1832 1886 obstetrix
1856 1821 1940 1885 IGA
1956 1842 2009 1906 52,
2034 1843 2113 1886 esse

402 1945 526 2010 dicitur
548 1947 736 2033 προσφάτως
758 1959 902 2013 τετοκυῖα
926 1944 1047 2031 (Hes).
1093 1947 1227 2010 Addita
1250 1946 1402 2011 lactitiva
1426 1947 1564 2011 notione
1580 1947 1702 2034 Jovem
1718 1946 1880 2034 Λεχεάτην
1896 1948 2112 2026 obstitorem,

402 2067 538 2136 ‘Nixum
556 2068 713 2155 patrem',
728 2072 823 2137 cuius
840 2073 1002 2138 memoria
1023 2072 1088 2137 hac
1104 2073 1388 2138 commentatione
1405 2073 1606 2138 resuscitata
1623 2088 1684 2151 est,
1698 2071 1936 2158 intellegimus.
1960 2073 2113 2138 Nominis

402 2196 511 2262 forma
535 2218 556 2260 a
573 2193 709 2285 *λεχεία
732 2212 770 2262 ut
793 2198 951 2285 Τεγεάτης
974 2220 994 2262 a
1018 2197 1122 2284 Τεγέα
1144 2197 1309 2284 Μαλεάτης
1334 2197 1492 2265 οΜάλεια
1516 2198 1714 2263 derivanda.
1760 2194 1895 2285 *λεχεὶα
1913 2222 1920 2263 :
1938 2199 2045 2286 λοχεία
2069 2227 2112 2254 =

401 2320 618 2409 Πρωτογένεια
631 2344 637 2386 :
651 2323 839 2410 Πρωτογάνη
860 2323 893 2387 h.
908 2346 937 2387 e.
952 2319 1184 2407 ‘primitiarum
1202 2324 1440 2406 pariendarum
1462 2323 1618 2388 effectrix
1626 2321 1643 2404 ¹,
1661 2323 1867 2407 Proserpina
1879 2325 1978 2388 Paus.
1993 2324 2005 2386 I
2021 2342 2111 2408 3¹¹4·

564 2447 618 2514 An
636 2469 670 2531 p.
695 2447 789 2514 XXI.
836 2449 913 2512 Huc
941 2448 1088 2532 pertinet
1119 2449 1297 2513 historiola
1329 2450 1531 2534 paraphrasi
1570 2448 1814 2535 Lycophronis
1845 2464 1985 2514 servata
2007 2449 2052 2513 ad
2076 2471 2110 2514 ν.

403 2570 483 2657 835:
508 2576 583 2659 φασὶ
599 2573 643 2656 δέ,
667 2575 713 2639 ὅτι
735 2575 769 2640 ἐν
785 2573 943 2659 Αἰθιοπίᾳ
966 2567 1080 2661 Ἑρμῆς
1103 2575 1268 2660 φυλάττων
1291 2578 1374 2641 κατὰ
1398 2575 1542 2661 βούλησιν
1564 2585 1620 2640 τοῦ
1636 2576 1706 2652 Διὸς
1721 2578 1777 2660 τὴν
1794 2573 1856 2658 ld,
1879 2578 1930 2640 ἵνα
1952 2578 1994 2661 μὴ
2012 2573 2112 2662 βλαβῇ

404 2699 464 2765 ὑπὸ
487 2709 542 2784 τῆς
556 2691 664 2786 Ἥρας,
687 2702 741 2764 καὶ
765 2700 899 2786 διψήσας
920 2698 1065 2765 ἐλάκτισε
1088 2703 1144 2784 τὴν
1167 2711 1240 2786 γῆν·
1264 2704 1318 2766 καὶ
1341 2700 1496 2766 ἀνέδωκεν
1520 2702 1617 2786 ὕδωρ·
1642 2703 1719 2766 ὅθεν
1746 2700 1800 2765 καὶ
1830 2696 1960 2787 (Ἑρμοῦ
1982 2697 2111 2788 πτέρνα’

403 2824 553 2890 καλεῖται.
617 2823 785 2888 Euboeae
815 2823 902 2890 haec
936 2823 1147 2909 ‘Aethiopia’
1180 2825 1245 2889 sita
1278 2840 1362 2891 erat:
1407 2825 1581 2890 Braurone
1613 2823 1752 2889 Atticae
1786 2821 2033 2908 ‘Aethiopiam'
2066 2823 2111 2888 Ο.

401 2945 588 3014 Muellerus
612 2947 710 3036 (Dor.
735 2945 765 3012 Ι2
787 2971 821 3034 p.
836 2948 1005 3034 384).non
1029 2967 1123 3015 recte
1146 2949 1285 3016 locavit.
1332 2951 1419 3015 Nam
1443 2951 1537 3033 quod
1562 2972 1625 3035 per
1641 2950 1863 3035 Antipatrum
1886 2949 1948 3014 ΑΡ
1968 2951 2030 3015 VH
2046 2971 2111 3036 705

403 3070 767 3158 Amphipolitanorum
794 3074 961 3159 templum
994 3075 1124 3140 Dianae
1160 3077 1329 3164 Άίθοπίης
1364 3074 1591 3166 Βραυρωνὶδος’
1625 3076 1790 3156 inclaruit,
1821 3076 1993 3141 cumulata
2026 3077 2112 3142 haec

403 3201 608 3285 cognomina
631 3219 678 3264 ex
701 3200 1016 3266 Alexandrinorum
1040 3219 1221 3285 poetarum
1250 3202 1497 3268 consuetudine
1526 3203 1771 3286 percommode
1806 3201 1971 3286 explicari
2008 3224 2112 3286 posse

403 3325 647 3390 contendimus.

562 3538 752 3625 Gryphiae,
777 3541 894 3607 idibus
917 3543 1047 3608 Martiis
1076 3543 1168 3627 1890.
