4780 6044
1204 273 1277 337 XX

1138 365 1350 373 Ἥ

391 497 519 575 μαστοῦ.
564 497 605 574 τῇ
635 489 670 554 δὲ
701 487 771 574 ἑξῆς
801 487 902 576 ἠμίρᾳ
923 488 1108 568 ἑαιύύοντύς
1131 511 1190 576 μου
1213 490 1293 576 φλὸξ
1315 489 1539 574 ἀναδραμοῦσα
1560 488 1733 574 ἐπίρλιυσε
1756 492 1813 574 την
1842 499 1941 576 χεῖρα,
1971 490 2014 570 ὡς
2044 492 2098 555 καί

387 613 576 698 φλυκταίνας
599 613 785 699 ίξανθῆσαι·
810 610 876 700 μετ’
890 615 995 700 ὀλίγον
1018 616 1053 680 δὲ
1075 615 1162 700 ύγιης
1184 616 1206 701 η
1228 618 1296 702 χείρ
1319 615 1453 700 ἐγένετο.
1489 613 1632 678 Maritus
1649 613 1788 698 quidam
1805 634 1952 678 uxorem
1971 613 2097 700 ingenti

387 757 545 802 maerore
568 736 755 822 deplorans
779 737 810 802 in
833 736 898 804 hos
921 737 1112 804 versiculos
1136 740 1331 824 prorumpit
1354 740 1420 806 EG
1444 742 1510 824 562
1533 737 1674 804 Kaibel:

815 865 852 932 ού
874 869 935 952 γάρ
958 865 1154 952 ἀμειλίκτους
1177 867 1305 954 κραδίης
1328 865 1438 946 ὀδύνας
1461 866 1586 932 ἀκίοιτο

813 991 983 1074 ἀθάνατος,
1007 991 1137 1078 παλάμη
1159 984 1249 1078 κρᾶτ’
1271 993 1521 1078 ἐπαρησάμενος.

387 1116 563 1203 Hygieam
595 1117 758 1204 ἡπιίγειρα
790 1116 835 1181 ab
860 1115 1023 1200 Orphicis
1053 1115 1181 1180 dictam
1204 1114 1352 1203 legimus
1376 1118 1503 1202 Hymn.
1529 1137 1603 1204 23‚7
1629 1131 1664 1184 et
1689 1114 1842 1202 29,28;¹)
1865 1116 1980 1208 Ιχαίροις
2002 1116 2099 1186 θεῶν’

388 1240 531 1308 solemni
555 1243 689 1308 nomine
712 1241 865 1309 salubria
889 1242 1060 1326 quaedam
1084 1241 1237 1306 remedia
1262 1242 1363 1308 ναίει
1385 1243 1527 1308 medicis
1550 1244 1641 1308 dicta
1673 1266 1720 1308 ex
1744 1242 1930 1308 Plutarcho
1953 1245 2097 1324 Quaest.

387 1390 502 1454 symp.
526 1369 574 1435 IV
601 1392 627 1448 1,
652 1389 683 1453 3,
711 1391 750 1454 15
775 1385 809 1435 et
833 1366 968 1434 Galeno
997 1365 1064 1432 XII
1088 1389 1122 1452 p.
1147 1369 1214 1452 966
1235 1369 1279 1433 K.
1311 1368 1553 1454 cognoscimus
1576 1389 1597 1433 a
1621 1367 1789 1454 Diltheyo
1813 1390 1847 1454 p.
1872 1391 1910 1454 51
1939 1365 2097 1454 citatis¹).

386 1495 509 1582 Χαίρων
532 1495 685 1560 medicus
708 1495 853 1560 divinus.

545 1640 630 1705 Item
641 1639 674 1703 in
686 1639 789 1704 Novo
802 1638 1027 1704 Testamento
1042 1642 1078 1706 τὸ
1092 1639 1237 1724 ἅψασθαι
1253 1635 1420 1724 (κρατῆσαι
1437 1635 1657 1724 ἐπιλαβέσθαι)
1671 1641 1751 1725 χειρί
1766 1640 1869 1726 χειρίς
1885 1636 2099 1725 (ὀφθαλμῶν),

387 1773 492 1852 χεῖρας
520 1767 683 1849 ἐπιθεῖναι,
715 1767 823 1831 πιάσαι
855 1763 958 1851 χειρίς
989 1764 1062 1830 sim.
1096 1763 1295 1829 efficiendae
1326 1763 1462 1828 sanitati
1495 1779 1602 1846 atque
1633 1765 1724 1828 adeo
1757 1764 1851 1830 vitae
1881 1765 2100 1830 reducendae

387 1890 588 1974 saepissime
611 1904 766 1974 prosunt.
812 1890 925 1956 Unum
949 1889 1175 1974 adscripsisse
1197 1887 1357 1954 sufficiat:
1404 1889 1458 1952 De
1488 1889 1596 1954 surdo
1620 1903 1653 1954 et
1687 1887 1885 1974 tardiloquo
1916 1912 1937 1954 a
1962 1889 2100 1955 Christo

388 2031 510 2080 sanato
533 2015 580 2080 ita
603 2015 740 2080 Marcus
764 2015 827 2100 v1J
849 2036 910 2099 32:
961 2019 1014 2082 καί
1049 2013 1195 2102 φέρουσιν
1228 2017 1312 2102 αύτῷ
1345 2015 1453 2102 κυφὸν
1487 2016 1540 2080 καί
1575 2015 1743 2102 μογιλάλον
1777 2019 1832 2082 καί
1865 2017 2101 2102 παρακαλοῦσιν

389 2140 493 2224 αἰπύν,
515 2144 567 2207 ίνα
589 2139 687 2228 imin
709 2145 794 2228 αὐτῷ
817 2142 872 2225 την
894 2151 994 2228 χεῖρα.
1042 2143 1095 2206 καί
1118 2137 1353 2226 ἀπολαβόμενος
1376 2143 1471 2207 αὐτὸν
1493 2143 1556 2207 ἀπὸ
1585 2153 1640 2207 τοῦ
1664 2143 1762 2229 ὄχλου
1786 2139 1857 2208 κατ’
1884 2143 1962 2208 ίδίαν
1990 2142 2101 2228 ἔβαλεν

389 2271 461 2343 τούς
484 2267 657 2346 δακτύλους
679 2268 722 2345 είς
744 2268 785 2333 τὰ
808 2267 874 2333 ώτα
897 2270 993 2332 αὐτοῦ
1015 2269 1069 2332 καί
1099 2267 1217 2345 πτύσας
1247 2268 1351 2353 ἥψατο
1380 2277 1435 2352 της
1464 2267 1610 2354 γλώσσης
1642 2271 1737 2334 αὐτού
1766 2271 1819 2334 καί
1852 2241 2101 2354 άναβλέψαςείς

388 2396 442 2458 τδν
465 2395 594 2480 ούρανδν
617 2393 777 2472 ἐστέναξεν
799 2392 853 2459 καί
877 2393 960 2477 λέγει
984 2395 1068 2478 αὐτῷ
1097 2388 1267 2478 *ίφφαθαᾎ
1299 2394 1403 2458 ὅέστι
1430 2393 1635 2480 διανοίχύητι.
1681 2397 1735 2459 καί
1757 2395 1926 2481 ἠνοίγησαν
1950 2396 2046 2458 αὐτοῦ
2069 2394 2101 2458 αἱ

388 2519 492 2604 ἀκοαί,
515 2522 569 2584 καί
593 2520 689 2598 εύύύς
711 2518 813 2604 ἐλύύη
838 2519 855 2583 ὁ
878 2520 990 2604 δεσμδς
1012 2527 1068 2603 της
1090 2517 1237 2604 γλώσσης
1260 2521 1356 2584 αὐτοῦ
1379 2521 1433 2585 καί
1455 2520 1562 2586 ἐλάλει
1585 2514 1735 2607 δρύώςί).
1780 2519 1962 2606 Rigvedae
1985 2519 2101 2584 locum

388 2645 417 2708 II
440 2666 493 2729 33,
519 2664 549 2729 7,
574 2644 633 2709 ubi
656 2645 798 2708 Rudrae
821 2643 877 2707 dei
906 2642 1005 2707 indici
1029 2642 1196 2726 ‘propitia
1221 2663 1339 2708 manus
1363 2665 1454 2727 quae
1487 2644 1567 2709 mite
1599 2644 1787 2710 remedium
1821 2643 1885 2710 est'
1907 2643 2099 2728 requiritur,

389 2791 454 2855 per
477 2769 631 2835 Zimmeri
655 2767 815 2856 collegae
837 2768 1027 2834 officiosam
1051 2767 1231 2832 amicitiam
1256 2771 1493 2856 cognovimus
1541 2772 1755 2838 Manifestum
1788 2787 1841 2838 est
1871 2771 1916 2838 de
1948 2771 2102 2837 sanitatis

389 2894 556 2981 symbolo
578 2895 638 2982 agi
660 2897 753 2979 apud
779 2895 937 2960 diversos
961 2895 1121 2978 antiquos
1143 2893 1297 2979 populos
1320 2895 1541 2983 pervulgato
1588 2897 1683 2962 idem
1706 2919 1769 2962 nec
1802 2898 1905 2963 medii
1935 2899 2012 2964 aevi
2041 2899 2101 2962 ho·

390 3022 496 3090 mines
520 3038 620 3088 etue
643 3037 813 3088 nostrates
837 3022 977 3107 quidem
1000 3041 1064 3086 usu
1088 3021 1304 3106 quottidiano
1327 3022 1537 3088 sustulerunt
1567 3039 1770 3108 scatentque
1800 3022 1878 3088 libri
1908 3025 1953 3088 de
1982 3045 2101 3108 super·

390 3147 526 3214 stitione
549 3148 667 3233 scripti
691 3148 892 3235 omnigenus
915 3145 1085 3232 exemplis
1094 3143 1132 3232 ⁴).
1162 3146 1267 3214 Velut
1291 3171 1337 3214 ex
1360 3149 1548 3234 Norwegia
1571 3148 1638 3213 hoc
1661 3148 1775 3215 attulit
1803 3149 1987 3214 Liebrecht
2024 3151 2101 3215 ‘Zur

390 3272 632 3340 Vollrskunde’
652 3295 689 3359 p.
713 3295 791 3358 321:
824 3274 897 3338 ‘Ein
920 3273 1008 3340 alter
1030 3273 1165 3353 Soldat,
1190 3275 1254 3338 der
1276 3272 1557 3340 wahrscheinlich
1582 3273 1746 3339 manchen
1770 3273 1877 3340 Feind
1903 3275 1946 3338 im
1969 3275 2102 3361 Kriege

391 3405 527 3488 getotet
549 3401 655 3482 hatte,
680 3402 801 3466 wurde
824 3401 875 3466 oft
892 3449 900 3464 .
918 3449 951 3464 ..
976 3401 1097 3465 darum
1122 3420 1351 3487 angegangen
1373 3399 1434 3464 mit
1456 3399 1568 3464 seiner
1590 3393 1691 3466 Hand
1713 3400 1906 3466 Gewa'ichse
1930 3402 1998 3466 und
2022 3401 2102 3465 {ilm-

390 3524 479 3591 liche
502 3526 794 3611 Kdrpersclriden
816 3548 856 3591 zu
881 3524 1068 3603 berirhren3
1093 3525 1180 3589 deun
1205 3525 1296 3590 einer
1319 3524 1460 3592 soichen
1484 3525 1586 3590 Hand
1609 3525 1695 3590 wird
1726 3526 1782 3590 die
1813 3525 1979 3591 nimliche
2010 3525 2102 3591 Heil-

390 3652 484 3717 kraft
513 3652 793 3738 zugesehrieben,
826 3651 891 3716 wie
921 3652 1000 3715 dem
1029 3652 1266 3738 Mordgeraith,
1301 3653 1419 3718 womit
1449 3651 1631 3717 Mensclren
1664 3651 1866 3739 erschlagen
1898 3650 2101 3718 eumenis

390 3779 512 3866 τρώσας
535 3782 588 3845 καί
611 3778 744 3845 ίάσεταιί
795 3778 952 3862 Denique
975 3776 1029 3842 hic
1046 3791 1166 3863 gestus
1190 3778 1292 3843 etiam
1316 3778 1547 3843 benedicentis
1571 3793 1623 3842 est
1647 3793 1684 3842 ut
1708 3779 1739 3844 in
1756 3780 1860 3845 Novo
1876 3778 2102 3844 Testamento

391 3903 442 3970 sic
465 3904 561 3988 apud
585 3903 809 3969 Theocritum
833 3903 865 3968 in
888 3901 1089 3968 Heraclisco
1111 3904 1232 3970 XXIV
1256 3927 1290 3970 ν.
1315 3906 1336 3968 6
1359 3925 1436 3989 sqq.

552 4153 574 4221 ¹)
592 4156 750 4206 Phaedimus
763 4156 808 4206 ΑΡ
818 4156 854 4207 Vi
868 4169 915 4219 ²7¹
932 4156 967 4208 de
979 4157 1067 4206 Diana
1085 4161 1182 4222 πρητῖα
1199 4155 1278 4222 λεχοῖ
1295 4157 1384 4218 δισσὰς
1403 4155 1542 4222 ineptum
1560 4160 1649 4222 χαίροις
1669 4157 1732 4221 drap
1750 4158 1826 4220 τόξου
1844 4157 1937 4208 πότνια
1954 4156 2102 4222 λισσομίνη,

392 4245 426 4298 de
454 4245 570 4298 Hercule
598 4245 688 4312 (quem
715 4245 888 4309 Ἀλεξίκακον
910 4246 1021 4312 Σωτῆρα
1043 4245 1163 4312 Ὺγιάτην
1187 4261 1248 4296 esse
1273 4255 1376 4296 constat
1401 4245 1565 4296 Bruchmann
1589 4261 1615 4310 p.
1639 4261 1660 4295 ι.
1681 4245 1707 4310 3)
1731 4245 1799 4296 alius
1823 4255 1907 4312 poeta
1930 4246 2103 4310 nescioquis

392 4335 465 4402 apud
484 4334 637 4387 Kaibelium
656 4336 682 4385 in
701 4337 894 4401 epigrammate
913 4335 1120 4386 aldobrandinio
1140 4335 1214 4385 dicit:

818 4425 895 4492 ἤπιος
914 4425 1040 4491 ιύμσνίιυν
1059 4441 1088 4477 τι
1105 4425 1203 4488 πέλοις,
1223 4427 1297 4492 miri
1316 4440 1345 4476 νυ
1365 4440 1409 4490 μοι
1428 4425 1479 4474 αίιί

820 4514 952 4581 ιύχομύνιρ
970 4531 1000 4566 τι
1018 4516 1095 4581 πάριι
1113 4517 1191 4583 χιῐρά
1209 4515 1349 4582 θ’ύπκρύσν
1367 4515 1445 4579 ίχσις.

551 4601 574 4671 9)
595 4604 635 4655 Cf.
654 4603 677 4670 J.
698 4604 808 4668 Grimm,
827 4603 843 4654 l.
864 4603 880 4654 l.
900 4601 953 4654 111⁴
970 4620 997 4669 p.
1019 4619 1070 4668 349
1088 4621 1128 4670 sq.

552 4690 574 4761 ί)
592 4693 749 4745 Trahendus
761 4693 813 4743 huc
826 4695 876 4743 erit
888 4693 1017 4744 Pindarus
1029 4693 1103 4744 Nem.
1117 4695 1144 4744 X
1160 4707 1210 4758 170
1222 4693 1256 4746 de
1276 4695 1390 4744 Castore
1408 4708 1458 4758 per
1476 4693 1575 4759 Jovcm
1593 4693 1619 4742 in
1639 4694 1720 4744 vitam
1739 4701 1870 4744 revocato
1890 4693 1931 4742 his
1950 4707 2102 4758 exponens:

392 4788 444 4838 ἀνά
472 4785 585 4838 δ’δλυσσν
615 4785 661 4850 μίν
689 4783 837 4849 ὀφθαλμὸν,
864 4784 955 4836 ἔπκιτα
983 4785 1012 4835 δὲ
1035 4785 1123 4848 φωνάν
1147 4785 1315 4851 χαλκομίτρα
1338 4783 1483 4848 Κάστορος.
1526 4782 1638 4833 Oculum
1663 4784 1744 4847 igitur
1768 4791 1794 4832 et
1818 4797 1914 4832 vocem
1938 4780 2050 4832 resolvit
2068 4797 2103 4832 ex

391 4876 485 4926 mortis
504 4885 625 4940 torpore.
657 4873 739 4937 Quod
758 4871 895 4939 quomodo
914 4873 1012 4924 sactum
1030 4889 1091 4924 esse
1110 4875 1243 4924 censuerit
1262 4872 1398 4936 Pindarus,
1418 4872 1506 4924 titulus
1525 4871 1681 4937 epidaurius
1693 4869 1809 4922 ostendit
1829 4887 1899 4935 3339
1918 4887 1944 4936 p.
1968 4886 2015 4934 ¹⁵⁵
2034 4870 2103 4922 Coll.

392 4965 521 5028 ’Δλκίτας
539 4963 654 5027 ’Δλικίς
678 4957 755 5026 ούτος
773 4964 870 5028 τυφλὸς
888 4963 938 5014 ἰών
957 4963 1072 5014 ἐνύπνιον
1091 4960 1159 5014 tiber
1170 4999 1176 5014 .
1186 4963 1277 5014 ίδδκιι
1298 4963 1313 5014 ὁ
1336 4962 1401 5024 διὸς
1418 4961 1557 5014 mentor
1580 4967 1635 5024 τοϊς
1659 4961 1800 5023 δακτύλοις
1819 4961 1919 5027 διάγιιν
1937 4962 1970 5012 τά
1989 4961 2103 5026 ὄμματα,

391 5057 440 5107 καί
457 5057 521 5108 idcir
538 5055 573 5106 tir
591 5055 685 5120 δίνδρη
704 5055 800 5119 ὁρατὸν
818 5055 852 5104 τὰ
870 5055 898 5104 iv
917 5057 953 5120 τῷ
973 5055 1046 5118 ίαρῷ.
1083 5054 1181 5119 άμίρας
1200 5053 1230 5106 di
1247 5055 1389 5118 γινομάνης
1408 5051 1482 5120 ύγιὴς
1502 5051 1621 5117 λξῆλύιν.

551 5139 574 5211 ⁴)
595 5141 635 5196 cf.
659 5142 797 5194 Welckeri
824 5141 877 5192 'De
903 5141 1083 5194 incubatione'
1111 5143 1359 5194 commentationem
1388 5141 1489 5208 Opusr.
1515 5141 1549 5190 111
1575 5155 1601 5206 p.
1630 5142 1687 5203 156.
1711 5155 1768 5190 112.
1815 5139 1893 5190 Ploss
1921 5139 1988 5192 ‘Das
2015 5136 2104 5199 Weib'

393 5234 436 5286 ed.
456 5235 479 5285 11
498 5250 524 5300 p.
548 5249 606 5297 190.
