4780 6044
1138 347 1449 447 affl·

391 569 516 652 quitur,
538 566 635 633 velut
657 562 779 652 Ἀγνοίν
802 566 947 630 Dianam
975 583 1034 649 127
1060 580 1094 628 et
1106 563 1233 649 Agam.
1255 581 1316 648 127
1341 563 1559 646 nuncupavit.
1594 559 1729 645 Apollo
1745 561 1876 640 Λύκειος
1891 563 1956 646 658
1972 581 2099 625 memo·

391 707 487 759 ratus
521 694 634 758 sanum
658 691 767 778 Argis
790 711 913 756 revera
935 690 1090 754 habebat
1113 689 1227 775 (Paus.
1246 688 1273 752 11
1300 709 1350 772 19,
1363 709 1382 772 3
1409 686 1533 752 Collitz
1561 686 1672 772 3288).
1727 687 1844 752 Diana
1873 683 1991 772 Ἑκάτη
2021 687 2097 771 650,

392 840 484 903 quae
505 828 661 904 γυναικῶν
691 819 804 904 λόχους
834 816 983 902 ἐφορεύει,
1018 812 1167 901 Ἀδμητα
1202 833 1259 898 131
1301 813 1506 878 nominatur:
1541 812 1609 876 hoe
1644 812 1731 876 enim
1763 812 1941 876 verissime
1980 825 2098 874 contra

391 942 638 1008 Buechelerum
661 941 778 1007 statuit
803 940 1086 1006 Wilamowitzius
1110 939 1226 1003 Herm.
1254 939 1339 1004 1886
1350 959 1385 1022 p.
1399 934 1505 1022 609.¹)
1540 938 1674 1002 Eadem
1691 951 1744 1001 est
1759 957 1851 1019 quae
1867 937 1998 1022 Φεραία,
2017 950 2100 999 tem·

392 1066 560 1152 plumque
593 1067 701 1154 Argis
736 1089 813 1131 cum
847 1064 1096 1130 Thessalorum
1131 1066 1352 1129 veneratione
1391 1037 1580 1127 arctissime
1623 1063 1838 1127 coniunctum
1881 1060 2098 1145 possidebat:

391 1193 491 1258 Paus.
516 1194 544 1256 ll
569 1213 620 1278 23,
645 1191 768 1257 Collitz
791 1192 889 1274 3286.
935 1190 1009 1254 Aut
1033 1189 1191 1267 fallimur,
1215 1205 1275 1252 aut
1297 1188 1450 1252 Admeta
1474 1187 1616 1275 Junonis
1631 1187 1789 1274 Argivae
1816 1187 1981 1252 sacerdos
2004 1186 2099 1250 sabu-

392 1319 482 1397 laris,
506 1318 575 1383 filia
591 1316 789 1402 Eurysthei,
815 1339 861 1382 ex
877 1317 1007 1380 Dianae
1029 1315 1164 1379 numine
1180 1315 1292 1378 efficta
1309 1330 1372 1392 est,
1389 1330 1426 1377 ut
1442 1314 1587 1398 Tegeae
1603 1311 1711 1398 Auga
1733 1305 1888 1376 ‘Lucina'
1911 1306 2100 1375 ‘Minervae

395 1441 573 1510 sacerdos'
606 1443 639 1507 in
677 1441 871 1506 fabularum
907 1440 1072 1505 memoria
1106 1435 1322 1523 vocitatur1).
1383 1439 1488 1505 Venus
1521 1437 1630 1524 Argis
1660 1437 1753 1502 culta
1785 1435 1958 1522 (Clemens
1990 1436 2100 1502 Protr.

392 1591 427 1652 p.
452 1569 508 1654 32)
532 1569 580 1632 ita
604 1569 746 1632 effertur
772 1585 871 1648 1004:
896 1567 1052 1652 Κύπριδος
1075 1568 1134 1630 οὐκ
1156 1567 1266 1651 ἀμελεῖ
1287 1567 1406 1651 δεσμὸς
1429 1559 1474 1630 ὅδ’
1497 1568 1634 1650 εὔφρων·
1663 1564 1790 1629 δύναται
1805 1566 1865 1650 γὰρ
1881 1563 1953 1642 Διὸς
1967 1567 2101 1650 ἄγχιστα

393 1699 450 1762 σὺν
471 1689 565 1782 Ἢρμ,Ι
599 1694 680 1757 item
715 1691 770 1758 Sol
804 1689 912 1776 Argis
935 1691 1124 1755 secundum
1154 1689 1356 1754 Pausaniam
1387 1691 1414 1754 ll
1451 1692 1534 1774 ι8,3
1567 1688 1679 1753 cultus
1714 1709 1776 1772 199
1806 1703 1842 1752 et
1871 1687 1999 1774 Agam.
2024 1689 2099 1780 486.

392 1819 550 1887 Mercurii
572 1817 749 1902 epitheton
773 1817 939 1903 μαστήριος
963 1817 1024 1901 887
1050 1815 1229 1880 Themidis
1252 1814 1386 1903 Ἰχναίας
1411 1813 1672 1901 ‘investigantis'
1697 1815 1861 1879 admonet
1884 1812 1985 1899 (Lyc.
2013 1810 2100 1897 129).

1217 2049 1274 2114 VI.

554 2175 762 2259 Scripsimus
796 2176 841 2240 de
869 2176 1023 2240 ‘Hesiodi
1051 2173 1242 2261 Catalogis'
1272 2173 1337 2240 non
1373 2174 1485 2239 solum
1520 2189 1558 2238 ut
1589 2189 1717 2258 poetae
1747 2171 1925 2236 consilium
1958 2187 1991 2236 et
2020 2171 2102 2236 artis

395 2303 565 2387 quaedam
589 2301 758 2370 modestia
782 2301 1045 2385 perspiceretur,
1075 2303 1137 2365 sed
1166 2317 1204 2364 ut
1232 2301 1304 2364 eius
1332 2299 1462 2384 dialogi
1487 2300 1605 2382 partis,
1635 2320 1739 2382 quam
1763 2297 1911 2362 exordio
1935 2317 2102 2362 commen·

393 2428 530 2494 tationis
563 2428 794 2506 tractavimus,
827 2426 939 2491 locum
973 2427 1144 2510 quendam
1174 2423 1389 2518 irreparabili
1425 2426 1553 2490 damno
1586 2424 1748 2489 laborare
1786 2437 1990 2506 patesceret.
2049 2421 2103 2486 De

393 2553 503 2619 Danai
526 2568 561 2618 et
583 2552 745 2639 Aegypti
767 2554 829 2640 Jus
852 2552 1000 2636 posteris
1022 2552 1070 2616 ita
1094 2574 1127 2619 v.
1153 2573 1219 2636 299
1239 2573 1317 2635 sqq.
1342 2551 1469 2636 agitur:

609 2699 683 2763 299.
707 2678 787 2744 Βασ.
832 2679 877 2758 τίς
901 2675 954 2744 οὖν
978 2679 995 2742 ὁ
1019 2677 1089 2756 Δίος
1112 2679 1217 2764 πόρτις
1240 2679 1364 2765 εὔχεται
1388 2678 1472 2763 poa,

607 2823 683 2885 300.
708 2804 786 2889 Χορ.
832 2801 987 2888 Ἔπαφος,
1010 2801 1143 2888 ἀληθῶς
1166 2803 1279 2888 ῥυσίων
1301 2802 1471 2888 ἐπώνυμος.

608 3074 683 3137 300.
708 3056 786 3141 Χορ.
829 3054 940 3152 λιβὺη,
966 3055 1110 3141 μεγίστης
1132 3065 1191 3140 γῆς
1223 3053 1335 3138 (πέδον
1358 3050 1474 3136 suppl.
1499 3048 1629 3134 Kruse>
1660 3050 1869 3136 καρπουμένη.

709 3180 788 3246 Βασ.
834 3181 880 3258 τίς
903 3177 957 3245 οὖν
981 3177 1024 3246 ἔτ’
1047 3181 1144 3246 ἄλλον
1167 3181 1262 3262 τῆσδε
1286 3177 1465 3264 βλαστημὸν
1488 3177 1603 3261 λέγεις;

711 3305 789 3391 Χορ.
836 3304 942 3391 Βηλον
965 3306 1099 3389 δίπαιδα,
1122 3305 1244 3392 πατέρα
1266 3300 1350 3368 τοῦδ’
1373 3301 1449 3388 ἐμοῦ
1472 3301 1598 3386 πατρὸς.

609 3449 685 3514 305·
709 3431 788 3496 Βασ.
834 3435 870 3496 τὸ
892 3433 1051 3517 πάνσοφον
1075 3439 1128 3497 νῦν
1151 3433 1249 3514 ὄνομα
1271 3429 1363 3493 τοῦτο
1387 3449 1438 3513 μοι
1460 3427 1589 3513 φράσον.

710 3557 788 3641 Χορ.
836 3555 971 3633 Δαναός·
993 3555 1129 3639 ἀδελφὸς
1152 3550 1179 3619 δ’
1201 3555 1267 3618 ἐστὶ
1289 3553 1554 3636 πεντηκοντάπαις
1576 3545 1657 3618 κτλ.’

396 3683 569 3747 Lacunam
590 3697 670 3764 post
691 3701 725 3746 ν.
746 3700 812 3764 300
835 3679 1012 3744 verissime
1035 3679 1184 3764 signavit
1199 3679 1383 3757 Porsonus,
1408 3699 1485 3742 cum
1508 3678 1554 3741 ad
1577 3696 1780 3760 responsum
1803 3675 2106 3762 interrogationem

397 3808 597 3891 requireret.
643 3807 716 3870 Nos
739 3827 877 3870 versum
902 3825 965 3890 303
991 3823 1064 3887 quo
1087 3819 1222 3886 spectet
1243 3802 1447 3888 intellegere
1469 3803 1659 3886 nequimus.
1699 3799 1840 3868 ‘Scisne'
1862 3802 1970 3884 inquit
1994 3801 2107 3866 ‘etiam

398 3933 502 3998 alium
534 3932 635 3996 huius
666 3931 783 4016 ipsius,
818 3930 850 3994 h.
876 3953 905 3995 e.
938 3929 1075 4013 Libyae
1106 3929 1245 4013 Epaphi
1278 3928 1378 4006 filiae,
1412 3925 1653 4013 prognatuml’
1694 3927 1759 3992 Cui
1792 3928 1947 3992 officiose
1981 3928 2107 3992 chorus

399 4057 539 4136 ‘Belum,
564 4057 674 4120 Danai
697 4053 841 4140 patrem’
863 4055 1060 4139 respondet.
1106 4055 1203 4141 Ergo
1234 4055 1406 4138 quendam
1428 4053 1501 4117 Beli
1532 4075 1579 4117 ex
1601 4052 1717 4137 Libya
1744 4055 1882 4120 fratrem
1909 4053 1977 4117 iam
2007 4069 2109 4117 antea

397 4181 575 4267 quaerenti
599 4182 690 4247 idem
713 4181 957 4257 nominaverat,
982 4199 1054 4262 quo
1077 4181 1266 4262 pertineant
1290 4178 1400 4244 verba
1423 4181 1467 4245 ἔτι
1491 4181 1588 4246 ἄλλον
1610 4181 1705 4266 τῆσδε
1729 4179 1916 4266 βλαστημὸν,
1946 4192 1984 4242 ut
2007 4177 2108 4241 mani·

398 4309 522 4374 festum
545 4307 588 4372 sit
613 4307 702 4371 duos
725 4305 916 4372 versiculos
938 4305 1052 4370 hiante
1080 4304 1233 4369 oratione
1260 4305 1413 4386 periisse.
1461 4305 1552 4370 Bene
1579 4304 1714 4382 accidit,
1744 4305 1839 4387 quod
1871 4304 1904 4367 in
1927 4317 2109 4368 stemmate

400 4429 598 4498 ‘Hesiodeo'
621 4447 655 4495 et
678 4431 921 4515 Apollodorus
945 4447 980 4494 et
1003 4429 1165 4514 Hyginus
1190 4426 1431 4514 “Agenorem”
1454 4427 1638 4514 gemellum
1659 4427 1731 4493 Beli
1755 4441 2111 4493 commemoraverunt

399 4555 519 4641 (supra
543 4552 783 4641 p.XXV11)²).
831 4555 942 4635 Quem
966 4555 999 4618 in
1021 4569 1156 4619 textum
1181 4531 1412 4618 reducendum
1436 4573 1513 4618 esse
1537 4569 1631 4618 certa
1653 4553 1819 4618 sententia
1841 4554 2071 4618 adfirmamus.

558 4681 716 4765 Denique
740 4681 848 4746 Danai
876 4700 953 4744 cum
979 4679 1116 4744 filiabus
1145 4680 1365 4764 conloquium
1393 4679 1640 4764 intempestivis
1664 4679 1866 4744 coniecturis
1889 4678 2108 4744 sollicitatum

400 4808 531 4873 ratione
554 4829 595 4872 ac
619 4807 675 4871 via
704 4805 1014 4890 interpretabimur.
1059 4806 1147 4869 Nam
1180 4826 1256 4870 cum
1289 4804 1428 4889 puellae
1460 4806 1587 4870 decore
1619 4821 1654 4870 et
1686 4806 1844 4870 modeste
1871 4805 2050 4870 considere
2076 4804 2109 4868 in

400 4933 489 4998 colle
512 4934 556 4998 ad
581 4953 675 4997 aram
699 4933 813 4998 iussae
835 4953 874 4997 se
897 4931 1055 4996 adiutore
1078 4931 1168 5020 Jove
1191 4929 1304 4995 Natali
1330 4930 1417 4994 haec
1441 4930 1549 5014 patris
1572 4945 1761 5021 praecepta
1785 4949 1861 4994 esse
1885 4946 2109 4995 exsecuturas

406 5063 616 5070 -..—.—-—..——⁴

559 5111 580 5181 ¹)
601 5116 666 5164 Cum
689 5115 793 5180 Junone
815 5113 918 5177 Argiva
942 5111 1056 5162 Admeta
1078 5110 1185 5161 Samum
1204 5111 1330 5160 translata
1353 5122 1393 5160 est
1412 5109 1583 5176 (Menodotus
1601 5109 1705 5162 Samius
1730 5109 1801 5176 apud
1820 5110 1914 5161 Athen.
1933 5110 1986 5160 XV
1998 5125 2026 5176 p.
2045 5109 2112 5174 672)

401 5205 434 5256 cf.
453 5205 631 5256 Wilamowitz
649 5205 711 5254 Eur.
731 5203 864 5254 Herakles
884 5203 894 5252 1
913 5218 939 5267 p.
961 5203 1021 5264 29⁶.

559 5289 581 5360 2)
600 5295 649 5344 His
667 5293 817 5344 addendum
836 5291 919 5344 schol.
940 5293 966 5342 in
985 5293 1046 5342 Eur.
1067 5292 1165 5342 Phoen.
1186 5303 1210 5352 5.
