4780 6044
1148 336 1195 400 IV

1093 425 1280 433 ---—--·--—-——

693 550 781 636 Χορ.
827 551 936 635 τοιγάρ
959 574 1004 617 νιν
1026 551 1064 615 ἐκ
1087 561 1144 636 γῆς
1166 549 1283 636 ἤλασεν
1308 561 1417 637 μακρῷ
1442 551 1555 636 δράμω.

605 693 668 758 295
692 675 780 740 Bao.
826 678 879 740 καί
902 672 988 741 ταῦτ’
1010 675 1118 755 ἔλεξας
1140 675 1242 740 πάντα
1265 673 1448 760 συγκόλλως
1471 675 1548 761 ἐμοί.

691 801 781 887 Χορ.
827 805 880 866 καὶ
905 805 964 888 μὴν
988 802 1139 888 Κάνωβον
1162 804 1239 868 adal
1262 802 1385 888 Μέμφιν
1407 805 1504 884 ἵκετο,

827 929 880 992 καὶ
903 923 981 1006 Ζεύς
1001 924 1033 1016 γ’
1056 928 1204 1014 ἐφάπτωρ
1226 927 1304 1014 χειρὶ
1327 916 1426 1014 φιτύει
1449 928 1551 1012 γόνον.

691 1052 780 1118 Βασ.
827 1051 872 1132 τίς
895 1050 949 1120 ούν
972 1054 989 1118 ὁ
1013 1053 1082 1130 Δῖος
1106 1053 1211 1138 πόρτις
1235 1055 1359 1140 εὔχεται
1383 1053 1469 1140 βούς;

695 1177 786 1263 Χορ.
832 1173 998 1264 Ἔπαφος,.
1011 1176 1143 1264 άληθῶς
1166 1179 1278 1264 ῥυσίων
1302 1177 1473 1265 ἐπώνυμος.

317 1303 351 1367 Ιπ
376 1322 446 1386 quo
471 1299 614 1388 dialogo
638 1318 734 1366 erant
757 1301 816 1386 qui
838 1317 1026 1386 propterea
1053 1301 1277 1382 offenderent,
1299 1303 1405 1386 quod,
1437 1324 1513 1368 cum
1544 1303 1743 1387 ceteroquin
1774 1319 1870 1369 certo
1900 1318 2029 1388 poetae

318 1426 460 1494 consilio
483 1428 562 1492 inde
585 1449 606 1492 a
629 1450 662 1494 v.
688 1429 751 1492 282
764 1424 789 1512 1)
813 1433 896 1495 κατὰ
927 1429 1033 1516 στίχον
1065 1449 1142 1492 cum
1174 1449 1259 1514 rege
1290 1426 1428 1513 puellae
1459 1427 1748 1512 conloquerentur
1775 1451 1817 1492 ac
1844 1444 2030 1515 pergerent

318 1553 419 1618 etiam
442 1553 662 1622 sermocinari
685 1573 796 1636 usque
818 1555 865 1620 ad
889 1573 922 1620 v.
946 1555 1022 1637 308,
1047 1553 1154 1620 semel
1178 1552 1226 1638 (ν.
1251 1551 1363 1642 297,8)
1388 1555 1485 1620 'duos
1516 1573 1583 1620 non
1614 1552 1707 1620 male
1734 1554 1821 1620 inter
1850 1575 1889 1618 se
1919 1572 2030 1618 nexos

317 1700 439 1745 versus
462 1701 483 1744 a
507 1679 614 1743 choro
638 1679 849 1763 pronuntiari
872 1680 1009 1745 codices
1033 1693 1248 1747 testarentur.
1295 1678 1501 1744 Tollendam
1532 1680 1597 1744 rati
1626 1680 1714 1744 hanc
1736 1677 2029 1744 inconcinnitatem

318 1804 486 1884 lacunam,
522 1826 593 1888 qua
619 1805 713 1891 regis
738 1805 877 1889 quidam
900 1827 1021 1872 versus
1045 1805 1241 1884 excidisset,
1277 1806 1364 1870 inter
1396 1825 1458 1891 297
1484 1820 1519 1870 et
1543 1808 1607 1890 298
1631 1805 1863 1892 signaverunt,
1895 1802 2031 1868 tametsi

318 1933 363 1996 ad
379 1931 580 1996 sententiam
597 1930 680 2014 quid
696 1932 835 1996 deesset
849 1931 1006 2015 prolerre
1022 1932 1205 1998 nemodum
1220 1931 1345 2016 potuit.
1376 1931 1607 2017 Adiungimus
1624 1929 1766 1996 alteram
1782 1928 2028 2006 difficultatem,

318 2079 409 2141 quae
431 2059 545 2122 adhuc
567 2057 667 2121 latuit
690 2057 835 2122 criticos.
882 2058 975 2123 Usus
1004 2058 1164 2145 Juppiter
1188 2073 1262 2122 erat
1293 2057 1426 2144 virgine
1449 2057 1557 2144 Argis
1588 2079 1621 2123 v.
1648 2059 1707 2122 281
1736 2072 1771 2122 et
1800 2071 2030 2141 posteaquam

318 2197 449 2248 mutata
472 2185 504 2248 in
529 2203 669 2249 vaccam
693 2197 767 2248 erat
796 2183 952 2268 perrexit
976 2183 1040 2262 uti,
1065 2199 1102 2248 ut
1125 2182 1272 2270 gravida
1300 2185 1391 2248 facta
1418 2199 1586 2249 terrarum
1610 2205 1673 2268 per
1696 2184 1817 2249 orbem
1840 2180 2030 2269 longinquo

317 2307 437 2374 itinere
461 2323 495 2373 et
518 2309 680 2373 diuturno
704 2309 873 2374 erravisse
897 2309 1066 2374 censenda
1089 2308 1133 2374 sit
1155 2309 1360 2389 necessario,
1384 2311 1451 2377 ἐπεὶ
1474 2312 1533 2378 οὐκ
1556 2309 1733 2397 άποφύλιαι
1755 2311 1841 2376 εύναὶ
1861 2309 2030 2376 άύανάτων

318 2449 406 2501 teste
428 2435 506 2520 ipso
529 2435 692 2520 Neptuno
715 2436 735 2504 λ
759 2455 833 2519 249.
881 2435 1016 2516 Quodsi
1039 2436 1194 2521 paritura
1216 2437 1260 2524 Jo
1283 2437 1315 2501 in
1339 2435 1548 2522 Aegyptum
1572 2436 1738 2521 pervenit,
1767 2435 1911 2502 iteratae
1934 2435 2030 2522 Jovis

319 2584 395 2628 cum
412 2563 558 2649 gravida
576 2562 716 2647 nuptiae
732 2583 795 2628 nec
810 2561 892 2649 fingi
907 2561 999 2627 serio
1014 2583 1077 2627 nec
1093 2562 1234 2628 tolerari
1249 2560 1321 2628 ullo
1338 2577 1444 2646 pacto
1460 2559 1645 2648 possunt.²)
1673 2562 1771 2648 Ergo
1785 2559 2031 2646 expellendum

317 2687 525 2756 versiculum
544 2689 629 2754 vitio
652 2689 791 2774 insuper
816 2689 958 2754 metrico
982 2704 1183 2773 corruptum
1206 2690 1259 2756 καί
1279 2689 1355 2770 Ζεύς
1379 2687 1559 2777 γ’ἐφάπτωρ
1582 2692 1661 2777 χειρὶ
1685 2689 1808 2776 φυτεύει
1830 2688 1932 2776 γύνον,
1956 2685 2030 2772 (ubi

316 2814 415 2903 φιτύει
444 2813 602 2901 Scaliger
629 2813 896 2900 commendavit)
920 2814 1170 2881 existimamus:
1194 2836 1265 2898 quo
1286 2813 1438 2900 expulso
1461 2813 1565 2880 nihilo
1589 2815 1702 2881 secius
1722 2816 1856 2901 integra
1872 2813 2030 2899 procedit

316 2941 493 3008 sententia.
549 2940 780 3026 Interpolandi
819 2941 985 3007 rationem
1020 2939 1193 3027 duplicem
1227 2940 1430 3020 invenimus,
1466 2940 1610 3006 alteram
1644 2937 1779 3006 ‘Vincto
1813 2933 2031 3006 Prometheo’

317 3067 561 3152 suppeditante
584 3065 727 3133 alteram
750 3064 976 3153 ‘Supplicum'
998 3065 1077 3133 loco
1102 3068 1253 3151 quodam
1277 3089 1461 3152 perperam
1485 3065 1669 3133 intellecto.
1716 3045 1788 3132 lllic
1812 3067 1898 3131 enim
1914 3087 1948 3132 ν.
1965 3068 2028 3150 852

315 3213 392 3277 sqq.
417 3192 557 3257 dellexa
579 3193 781 3258 narrationis
804 3193 915 3257 forma
937 3193 1113 3258 historiam
1137 3193 1232 3281 Jonis
1256 3192 1456 3279 Aeschylus
1479 3195 1526 3260 ita
1547 3210 1749 3279 persecutus
1773 3209 1835 3272 est,
1860 3207 1899 3258 ut
1913 3190 2031 3276 puella

316 3319 442 3403 spretis
458 3319 556 3407 Jovis
579 3318 757 3384 desideriis
780 3317 905 3383 intacta
928 3318 1184 3404 propelleretur
1207 3335 1243 3385 et
1263 3321 1366 3386 finitis
1381 3322 1518 3386 tandem
1534 3321 1709 3386 erroribus
1726 3336 1760 3386 et
1775 3319 1863 3386 facie
1883 3320 2031 3384 humana

318 3461 502 3528 menteque
534 3460 739 3529 recuperata
768 3445 953 3530 Epaphum
983 3467 1004 3509 a
1035 3445 1102 3510 deo
1127 3445 1333 3530 conciperet.
1380 3443 1586 3531 ‘Supplices’
1608 3462 1723 3512 autem
1746 3446 1792 3510 de
1815 3447 1902 3534 Jone
1925 3443 2030 3510 filium

303 3571 349 3635 ·in
373 3571 548 3657 Aegypto
573 3571 674 3636 enixa
697 3571 762 3636 hos
785 3591 907 3638 versus
931 3571 996 3655 564
1019 3591 1094 3657 sqq.
1119 3587 1331 3657 proponunt:
1384 3571 1524 3660 λαβοῦσα
1547 3570 1575 3638 δ’
1596 3575 1676 3660 ἕρμα
1699 3573 1771 3639 Δῖον
1794 3574 1925 3659 ἀψευδεῖ
1944 3572 2029 3658 λύγῳ

317 3697 441 3782 γείνατο
463 3694 548 3765 παῖδ’
569 3699 707 3784 ἀμεμφῆ,
735 3693 774 3763 δι’
798 3698 907 3775 αἰῶνος
931 3708 1052 3784 μακροῦ
1074 3698 1245 3784 πάνολβον·
1296 3696 1389 3764 ἔνθεν
1419 3709 1506 3764 πᾶσα
1539 3699 1597 3784 βοᾷ
1628 3695 1731 3785 χύύν·
1751 3694 1911 3783 ’φυσίζοον
1942 3696 2031 3783 γένος

319 3825 390 3890 τάδε
413 3823 511 3910 Ζηνός
534 3823 616 3890 ἐστιν
639 3825 785 3909 άληθῶς·
831 3824 876 3902 τίς
897 3827 958 3911 γὰρ
981 3825 1020 3888 άν
1042 3823 1239 3890 κατέπαυσεν
1253 3821 1352 3909 Ἤρας
1375 3821 1485 3902 νόσους
1507 3823 1704 3909 ἐπιβούλους
1743 3821 1813 3902 Διὸς
1832 3820 1897 3889 τύδ’
1920 3820 2029 3911 ἔργον’.

319 3950 431 4015 Possit
469 3949 498 4014 si
537 3949 613 4033 quis
651 3949 737 4014 haec
771 3947 848 4014 sola
886 3949 1051 4034 spectarit
1088 3951 1211 4038 Jovem
1250 3948 1344 4032 apud
1375 3948 1577 4034 Aegyptios
1617 3948 1755 4013 demum
1785 3949 1905 4036 Jonem
1941 3969 2032 4013 com·

248 4147 250 4154 ,
319 4075 488 4161 pressisse
510 4096 575 4141 suo
598 4075 672 4140 iure
696 4076 847 4141 credere.
901 4073 1059 4140 Alteram
1090 4096 1176 4142 vero
1205 4074 1519 4159 interpretationem
1550 4075 1595 4139 ab
1627 4074 1785 4139 universa
1808 4071 2031 4159 ‘Supplicum’

477 4325 498 4394 1)
519 4330 583 4378 l’ost
602 4344 627 4378 v.
648 4331 700 4378 280
719 4327 853 4378 excidisse
872 4329 948 4378 chori
968 4327 1043 4378 ducis
1063 4326 1148 4377 verba
1166 4326 1348 4376 Kirchhoi'hus
1373 4341 1425 4376 non
1450 4337 1523 4376 recte
1546 4326 1697 4378 adnotavit:
1715 4341 1743 4377 v.
1763 4329 1870 4390 πρύμ),
1896 4343 1922 4376 ν.
1943 4329 2029 4391 280,t.

475 4415 499 4485 ²)
519 4418 585 4468 illud
604 4433 637 4467 ne
657 4417 771 4467 Ovidius
790 4415 898 4482 quidem
917 4417 1034 4482 (Metam.
1054 4417 1065 4466 l
1085 4431 1137 4481 734
1155 4415 1228 4482 sqq.)
1248 4431 1328 4466 ausus
1348 4427 1400 4468 est:

643 4508 764 4571 coniugis
784 4507 828 4556 ille
847 4522 912 4556 suae
932 4506 1089 4571 complexus
1109 4506 1179 4556 colla
1198 4506 1313 4568 lacertlS,

637 4597 710 4646 liniat
729 4606 756 4646 ut
774 4611 879 4661 poenas
898 4595 1012 4659 tandem,
1032 4605 1111 4660 rogat
1129 4597 1226 4661 ‘ln'que
1244 4595 1365 4645 'futurum

640 4701 713 4752 pone
731 4687 824 4736 metus'
843 4686 939 4750 inquit3
958 4686 1107 4750 'numquam
1126 4684 1174 4736 tibi
1194 4701 1276 4736 causa
1295 4683 1398 4734 doloris

637 4777 705 4826 haec
724 4776 794 4825 erit':
814 4785 840 4824 et
858 4775 968 4839 Stygias
987 4774 1060 4825 lubet
1078 4777 1131 4825 hoc
1151 4773 1244 4825 audire
1262 4773 1383 4840 paludes.

610 4915 614 4923 ,
639 4876 667 4916 ut
685 4866 765 4915 lenita
785 4864 836 4914 dea
855 4873 904 4926 est,
923 4864 1009 4914 vultus
1028 4865 1099 4928 capit
1118 4863 1164 4912 illa
1183 4865 1290 4928 priores
1310 4900 1315 4913 .
1336 4901 1342 4914 .
1363 4901 1369 4913 .

641 4956 703 5004 huic
721 4954 850 5019 Epaphus
868 4955 957 5016 magni
975 4955 1080 5018 genitus
1100 4952 1134 5002 de
1153 4954 1255 5004 semine
1271 4952 1379 5002 tandem

638 5044 755 5095 creditur
774 5059 834 5093 esse
852 5043 929 5109 Jovis
948 5058 1052 5108 perque
1070 5041 1151 5094 urbes
1170 5044 1258 5094 iuncta
1276 5043 1381 5108 parenti

641 5134 741 5199 templa
762 5143 840 5184 tenet.

318 5227 406 5276 Ausus
435 5233 475 5276 est
502 5225 555 5275 tale
575 5223 639 5289 quid
658 5226 776 5274 comicus
805 5223 911 5289 quidam
939 5237 1054 5287 graecus
1082 5221 1218 5287 Euripidis
1237 5221 1406 5272 Alcumenam
1437 5221 1568 5284 irrisurus,
1591 5215 1661 5269 unde
1680 5219 1785 5270 Plautus
1812 5219 2030 5284 Amphitruonem

321 5316 400 5368 vertit
420 5313 603 5384 (Eugelmauu,
622 5315 766 5380 Beitraege
785 5331 815 5364 ru
834 5311 978 5378 Euripides
996 5312 1007 5362 l
1026 5327 1052 5379 p.
1078 5325 1117 5376 ¹⁷·
1137 5312 1230 5375 Progr.
1251 5310 1276 5361 d.
1297 5309 1620 5376 Friedrichgymnasiums
1637 5307 1727 5362 Berlin
1749 5309 1826 5374 1882)
