4780 6044
1175 320 1326 386 XXVIII

397 541 529 626 ἀνύδρου
553 541 588 606 δέ
610 549 666 624 τῆς
693 537 797 625 χώρας
821 534 1029 624 ὑπαρχούσης,
1052 538 1158 622 ἐπειδὴ
1181 539 1235 604 aa!
1250 541 1305 615 τάς
1327 539 1431 622 πηγάς
1450 535 1518 621 έξῖγ-
1569 555 1660 598 mum
1693 531 1816 598 dicitur
1857 531 2011 598 Minerva
2048 553 2104 596 na·

398 689 471 754 ρανε
494 665 654 730 Ποσειδῶν
678 663 793 749 μηνίων
816 659 939 750 Ἰνάχῳ,
963 663 1039 730 διότι
1062 667 1118 748 τὴν
1146 662 1252 750 χώραν
1279 659 1362 749 Ἥρᾳ
1388 662 1518 749 ἑμαρτὺ·
1570 679 1649 726 vem
1684 657 1805 724 fecisse
1844 656 2035 742 biproram,
2069 655 2103 722 in

399 813 492 880 ρηαεν
515 790 602 874 εἶναι,
629 792 685 868 τὰς
713 786 889 876 θυγατέρας
913 789 1136 876 ὑδρευσομένας
1160 789 1307 875 ἔπεμψεν.
1355 787 1519 872 Sequitur
1570 805 1640 867 qua
1694 784 1834 848 Danaus
1890 782 2104 868 profugeret.

399 917 445 982 de
474 915 674 1000 Amymona
706 914 865 978 narratio.

1542 963 1622 1046 lAt
1660 979 1867 1066 Aegyptus,
1915 994 1953 1043 ut
1991 977 2105 1044 resciit

487 1041 621 1107 Deinde
644 1040 692 1105 sic
715 1040 887 1128 pergitur:
919 1041 947 1107 ol
977 1043 1011 1107 δέ
1044 1039 1203 1127 Αἰγύπτου
1235 1043 1341 1116 παῖδες
1371 1037 1520 1118 ἐλθόντες
1572 1106 1730 1169 Danaum
1763 1103 1961 1190 profugisse
2004 1103 2105 1169 mittit

398 1168 441 1248 εἰς
463 1165 579 1255 Ἀργος
601 1178 657 1254 τῆς
678 1189 713 1234 τε
736 1165 856 1254 ἔχθρας
878 1166 1064 1234 παύσασθαι
1086 1167 1285 1254 παρεκάλουν
1307 1169 1361 1232 καί
1384 1169 1438 1245 τὰς
1462 1169 1520 1232 θυ·
1963 1154 1971 1183 ’

398 1294 531 1381 γατέρας
563 1294 659 1360 αὐτοῦ
688 1305 797 1380 γαμεῖν
827 1293 941 1378 ἠξίουν,
988 1293 1108 1370 Δαναὸς
1138 1294 1172 1358 δέ
1203 1296 1267 1378 ἅμα
1299 1291 1353 1378 μὲν
1383 1293 1522 1358 ἀπιστῶν

399 1421 503 1486 αὐτῶν
531 1430 593 1497 τοῖς
625 1418 857 1505 ἐπαγγέλμασιν
889 1421 954 1503 άμα
986 1419 1020 1482 δέ
1049 1420 1103 1483 καί
1136 1423 1336 1503 μνησικακῶν
1367 1421 1435 1504 περὶ
1468 1429 1522 1504 τῆς

1572 1229 1661 1295 filios
1684 1230 1729 1295 ad
1745 1230 2022 1315 persequendum
2041 1229 2105 1293 fra·

1572 1372 1659 1420 trem
1693 1370 1728 1420 et
1757 1355 1806 1419 eis
1841 1354 2032 1438 praecepit,
2068 1369 2106 1419 ut

399 1557 510 1634 φυγῆς,
535 1546 689 1633 ὡμολόγει
711 1549 783 1624 τοὺς
806 1545 924 1631 γάμους
947 1547 1000 1610 καί
1028 1545 1192 1631 διεκλήρου
1223 1547 1278 1624 τὰς
1309 1543 1405 1632 κόρας
1419 1593 1426 1608 ι
1441 1544 1523 1606 ΗΠ
1573 1495 1633 1545 aut
1668 1481 1834 1669 ιξειιιειυιιι
1876 1479 2105 1544 interficerent

404 1694 431 1750 ο,
459 1693 499 1735 10
523 1673 565 1750 ὡς
589 1674 623 1738 δὲ
645 1671 866 1759 ἐκληρώσαντο
896 1675 966 1750 τοὺς
994 1672 1112 1758 γάμους
1135 1671 1279 1749 ἑστιάσας
1298 1671 1465 1758 ἐγχειρίδια
1480 1673 1523 1738 δι·
1573 1620 1665 1746 auta
1703 1627 1742 1670 se
1759 1625 1824 1669 non
1840 1619 2105 1794 rrxrrerterentur.

400 1799 476 1864 δωσι
507 1808 573 1876 ταῖς
601 1797 805 1883 θυγατράσιν.
842 1799 873 1863 αἳ
895 1798 929 1862 δέ
951 1797 1162 1884 κοιμωμένους
1184 1799 1255 1876 τοὺς
1279 1797 1425 1884 νυμφίους
1447 1796 1522 1863 duk-
1573 1731 1642 1812 0¹¹¹
1659 1745 1846 1814 Postquam
1916 1751 1982 1816 gos
2005 1749 2106 1795 verre-

399 1945 521 1989 κτεῑναν
544 1923 626 2006 πλὴν
649 1917 889 2010 Ὑπερμήστρας.
915 1925 992 2008 αὕτη
1016 1923 1051 1988 δέ
1073 1920 1202 2006 Λυγκέα
1216 1921 1345 1989 διέσωσε
1366 1923 1523 2010 παρθένον
1573 1871 1665 1934 Μ’
1700 1875 1907 1940 oppugnare
1945 1871 2105 1939 patmum

400 2053 497 2135 αὐτὴν
526 2049 716 2135 φυλάξαντα.
763 2051 809 2116 διδ
837 2047 1006 2137 καθείρξας
1028 2050 1125 2134 αὐτὴν
1149 2049 1268 2130 Δαναὸς
1290 2049 1445 2136 ἐφρούρει·
1491 2051 1523 2116 αέ

401 2176 435 2240 δέ
459 2175 554 2242 άλλαι
576 2185 639 2242 τῶν
655 2175 777 2242 Δαναοῦ
794 2173 978 2262 θυγατέρων
1000 2178 1055 2255 τάς
1073 2175 1128 2263 μέν
1150 2176 1292 2262 κεφαλάς
1307 2185 1370 2243 τῶν
1385 2175 1523 2262 νυμφίων

400 2303 433 2368 ἐν
456 2311 495 2388 τῇ
519 2298 621 2388 Λέρνῃ
643 2300 835 2388 κατώρυξαν,
863 2303 904 2366 τά
931 2302 964 2367 δὲ
987 2297 1200 2387 σώματαῖπρδ
1223 2311 1278 2387 τῆς
1301 2301 1422 2380 πόλεως
1449 2301 1522 2387 Ialy-

1573 1997 1773 2065 coeperunt.
1813 1981 1953 2046 Danaus
1969 1996 2006 2045 ut
2021 1979 2107 2045 vidit

1573 2128 1613 2172 se
1640 2105 1680 2172 iis
1704 2105 1874 2172 obsistere
1898 2127 1966 2170 non
1989 2125 2104 2189 posse,

1574 2231 1757 2316 pollicetur
1807 2231 1847 2296 iis
1893 2230 1980 2295 filias
2025 2250 2106 2296 suas

1574 2375 1711 2434 uxores,
1742 2369 1780 2422 ut
1810 2377 1930 2442 pugna
1964 2355 2106 2420 absiste·

400 2428 523 2492 δευσαν.
577 2427 631 2492 καὶ
670 2427 765 2504 αὐτὰς
796 2424 962 2514 ἐκάθηραν
993 2423 1118 2512 Ἀθηνᾶ
1148 2445 1182 2492 τε
1212 2429 1266 2492 καὶ
1302 2423 1416 2514 Ἑρμῆς
1451 2427 1522 2506 Διὸς
1572 2497 1658 2548 rent,
1680 2481 1884 2566 Impetratas
1895 2501 2035 2546 sorores
2047 2501 2107 2565 pa·

400 2551 615 2632 κελεύσαντος·
640 2553 759 2630 Δαναὸς
775 2555 810 2618 δὲ
825 2556 953 2639 ὕστερον
970 2546 1201 2639 Ὑπερμήστραν
1217 2551 1338 2640 Λυγκεῖ
1358 2551 1521 2638 Wl'm’
1573 2606 1701 2672 trueles
1731 2622 1941 2692 acceperunt
1965 2626 2106 2685 uxores,

400 2681 456 2756 τὰς
497 2681 531 2744 δὲ
562 2679 672 2757 λοιπὰς
702 2677 880 2764 θυγατέρας
913 2679 956 2756 εἰς
986 2679 1135 2763 γυμνικὸν
1158 2675 1266 2763 ἀγῶνα
1297 2689 1360 2756 τοῖς
1398 2687 1522 2744 νικῶσιν
1572 2753 1663 2815 quae
1678 2731 1787 2816 patris
1798 2730 1896 2816 jussu
1913 2731 2008 2798 viros
2024 2749 2107 2796 suos

400 2806 527 2871 gamm
1572 2858 1819 2924 interfecerunt.
1893 2855 1981 2922 Sola
2035 2857 2108 2940 Hy-

1573 2997 1765 3066 permestra
1809 2983 1986 3068 Lynceum
2038 3001 2108 3048 ser·

1572 3108 1668 3174 vavit
1683 3155 1691 3172 .
1706 3155 1737 3174 ..

400 3237 436 3300 In
452 3234 578 3299 ultimis
594 3232 774 3299 enuntiatis
790 3231 968 3296 deficiente
983 3231 1126 3317 Hygino
1149 3229 1219 3317 (vel
1245 3231 1361 3315 potius
1388 3231 1455 3296 alia
1480 3232 1543 3297 etsi
1569 3233 1602 3298 in
1630 3231 1749 3298 sabula
1782 3251 1845 3318 170
1869 3255 1902 3317 p.
1929 3254 1971 3318 34
1994 3233 2108 3298 Schm.

401 3357 613 3444 discedente)
636 3360 682 3425 ad
706 3373 801 3424 recte
823 3358 1070 3424 aestimandum
1094 3356 1354 3441 Apollodorum
1377 3357 1542 3422 Pindarus
1566 3359 1720 3442 prodest,
1746 3359 1843 3424 cuius
1866 3359 2021 3425 subsidio
2042 3359 2109 3424 iam

401 3486 507 3553 semel
524 3486 706 3551 commode
721 3486 913 3549 utebamur.
953 3484 1040 3548 Nam
1056 3483 1348 3567 quemadmodum
1364 3505 1385 3548 a
1402 3483 1662 3570 mythographo
1679 3485 1954 3570 Hypermestrae
1977 3501 2111 3550 ceteras

401 3611 575 3678 Danaides
610 3610 811 3694 Amymona
850 3625 1000 3693 excepta
1040 3622 1122 3692 post
1161 3629 1282 3674 caesos
1320 3609 1524 3696 Aegyptios
1562 3611 1694 3694 opponi
1728 3611 1885 3678 videmus
1920 3610 2111 3676 victoribus

401 3736 570 3824 gymnicis
603 3735 801 3819 promissas,
833 3733 881 3798 ita
907 3733 1074 3798 Pindarus
1105 3733 1202 3798 Nem.
1233 3733 1270 3798 X
1299 3755 1338 3801 ro
1367 3735 1496 3802 lacinus
1527 3737 1812 3820 Hypermestrae,
1843 3736 1946 3819 Pyth.
1970 3735 2022 3800 IX
2050 3755 2110 3820 195

401 3883 479 3946 sqq.
503 3881 691 3946 procorum
714 3875 885 3925 certamen
909 3879 931 3924 a
953 3860 1075 3924 Danao
1099 3859 1287 3926 institutum
1311 3859 1400 3924 hunc
1428 3861 1461 3926 in
1490 3862 1630 3926 modum
1660 3862 1856 3946 descripsit:
1886 3861 1974 3948 εδρτν
2000 3885 2112 3930 τεσσα-

407 3991 544 4075 ράκοντα
575 3990 629 4054 καί
662 3989 747 4054 ὀκτὼ
777 3986 960 4072 παρθένοισι
993 3983 1146 4069 (praeter
1176 3987 1464 4070 Hypermestram
1495 4001 1529 4052 et
1559 3985 1792 4071 Amymonam
1826 3985 2011 4071 omnibus),
2044 3990 2115 4074 πρὶν

402 4115 497 4202 μέσον
520 4115 604 4200 άμαρ
619 4113 711 4196 έλεῑν,
728 4113 888 4180 ὠκύτατον
911 4112 1026 4198 γάμον·
1050 4113 1180 4178 έστασεν
1202 4116 1264 4199 γάρ
1286 4115 1411 4180 ἅπαντα
1433 4117 1527 4200 χορὸν
1549 4115 1583 4180 ἐν
1606 4114 1750 4200 τέρμασιν
1773 4110 1874 4180 αὐτίκ’
1897 4117 2032 4200 ἀγῶνος·
2055 4117 2114 4179 σὺν

401 4236 429 4306 δ’
451 4241 580 4316 ἀέθλοις
609 4235 774 4306 ἐκέλευσεν
796 4240 947 4325 διακρῖναι
978 4239 1097 4320 ποδῶν,
1129 4241 1236 4304 άντινα
1258 4239 1369 4325 σχήσει
1402 4262 1447 4317 τις
1478 4238 1599 4325 ἡρώων,
1633 4241 1699 4304 ὅσοι
1730 4239 1862 4326 γαμβροί
1897 4261 1968 4325 σφιν
1999 4237 2113 4326 ἦλθον.

402 4366 588 4432 Pindarum
616 4363 837 4449 Amymonae
867 4385 944 4428 cum
971 4363 1134 4446 Neptuno
1167 4362 1303 4446 nuptias
1335 4379 1369 4428 et
1401 4364 1539 4428 novisse
1570 4379 1603 4428 et
1635 4379 1814 4447 spectasse
1843 4385 1890 4428 ex
1920 4362 2113 4447 puellarum

403 4512 544 4557 numero
568 4488 863 4574 quinquagenario
887 4486 1120 4552 concludimus
1144 4487 1240 4552 Nem.
1263 4488 1301 4553 X
1327 4511 1338 4552 1
1373 4503 1653 4553 commemorato.
1700 4489 1797 4552 Haec
1819 4504 1934 4554 autem
1958 4489 2115 4554 doctrina

404 4613 601 4682 ‘Hesiodea‘
624 4630 676 4680 est
700 4637 746 4678 ex
771 4609 973 4698 ‘Catalogis’
995 4613 1127 4692 hausta,
1153 4636 1230 4680 cum
1254 4615 1376 4701 viginti
1400 4615 1597 4678 Hecataeus
1621 4615 1860 4693 numeraverit,
1885 4614 1981 4680 cuius
2005 4615 2116 4680 verba

402 4742 511 4810 schol.
528 4741 647 4825 Eurip.
672 4739 733 4805 Or.
752 4741 816 4824 872
841 4736 898 4821 (=
922 4739 960 4803 ir.
973 4759 1017 4822 50
1036 4737 1109 4823 Rz.)
1133 4739 1246 4804 attulit
1269 4741 1286 4804 ὁ
1310 4741 1344 4806 δέ
1360 4737 1516 4824 Αἴγυπτος
1539 4741 1630 4817 αὐτὸς
1654 4741 1709 4825 μὲν
1725 4741 1783 4806 οὐκ
1805 4739 1906 4826 ἦλθεν
1922 4742 1964 4819 εἰς
1986 4737 2115 4828 Ἄργος,

402 4871 509 4948 παῖδες
541 4867 585 4952 δέ,
618 4868 661 4945 ὡς
692 4869 748 4953 μέν
781 4866 922 4944 *Ησίοδος
953 4866 1090 4951 ἐποίησε,
1123 4863 1317 4948 πεντήκοντα
1352 4863 1471 4948 (ὄντες)
1482 4860 1519 4948 ¹),
1552 4865 1595 4942 ὡς
1626 4866 1661 4930 δέ
1690 4865 1754 4950 έγιὶι
1782 4865 1877 4950 λέγω,
1906 4867 1978 4934 οὐδὲ
2005 4869 2115 4932 εἴκοσι.

403 4992 563 5058 Alterum
589 4987 752 5056 ‘Hesiodi'
775 4989 960 5076 vestigium
982 4989 1078 5072 apud
1101 4987 1213 5054 solum
1238 4987 1498 5073 Apollodorum
1521 5005 1628 5074 patet.
1668 4989 1796 5054 Fontes
1820 5005 1933 5056 terrae
1956 4989 2118 5075 Argivae

403 5117 527 5204 puellis
558 5133 722 5200 aquatum
758 5115 869 5180 missis
899 5115 1054 5179 Danaum
1085 5115 1276 5180 restituisse
1308 5131 1345 5180 ut
1379 5113 1660 5200 mythographus
1691 5115 1739 5180 ita
1773 5113 1967 5180 ‘Hesiodus'
1997 5116 2037 5180 sr.
2071 5136 2117 5201 49

407 5225 621 5238 -n—n—-n-

564 5275 585 5344 ¹)
604 5277 744 5344 Supplevi.
765 5277 825 5328 Alia
841 5277 890 5357 plii
908 5277 992 5330 moliti
1011 5285 1077 5340 suut,
1098 5291 1167 5340 quos
1185 5275 1364 5326 Schwartrius
1383 5277 1554 5326 enumeravit.
