4780 6044
274 530 408 598 nomine
417 529 575 618 Αἴγυπτος
590 553 676 598 nunc
693 530 860 598 nolumus,
885 532 998 614 Quid?
1021 536 1116 620 quod
1134 534 1192 601 vel
1201 533 1396 620 Aethiopes
1413 533 1444 600 in
1455 535 1602 602 Euboea
1617 536 1715 603 iuxta
1728 537 1931 626 Aegyptios
1946 557 1983 606 ut

274 658 375 723 decet
398 657 620 724 habitabant?
662 654 867 744 Harpocr.¹)
891 679 919 724 s.
943 681 976 724 ν.
1000 658 1170 728 Atrium·
1194 665 1292 748 ὄνομα
1314 665 1431 748 χωρίου
1454 661 1487 729 ἐν
1510 661 1627 750 Εὐβοίᾳ
1650 679 1684 728 et
1708 662 1876 749 Stephan.
1899 687 1926 730 s.
1951 688 1984 731 v.

276 831 283 847 .
309 829 317 846 .
342 832 350 850 .
373 785 505 871 πλησίον
528 795 584 852 τοῦ
606 785 753 872 Εὐρίπου,
776 783 831 871 ἀφ’
853 788 889 852 οὐ
912 789 933 873 ἡ
956 785 1102 874 Ἄρτεμις
1124 781 1309 872 Αἰύοπίαῑ).
1356 787 1431 852 Dici
1459 787 1602 852 Dianam
1631 788 1839 873 Amarynthi
1872 812 1985 876 prope

274 910 445 974 Eretriam
466 911 512 974 ad
535 910 702 996 Euripum
727 911 854 978 cultam
879 913 1055 978 verissime
1079 913 1263 980 Bursianus
1286 915 1432 979 coniecit
1461 915 1492 978 in
1516 915 1743 1000 Geographia
1767 915 1934 982 Graeciae
1957 918 1984 980 ii

275 1056 309 1119 p.
333 1036 414 1118 418:
439 1035 534 1101 cuius
558 1037 646 1104 deae
670 1037 727 1104 vel
751 1053 844 1104 trans
867 1037 1034 1122 Euripum
1059 1039 1089 1102 in
1114 1036 1291 1122 planitiem
1316 1038 1466 1104 Atticam
1492 1040 1537 1104 ad
1567 1039 1821 1106 Athmonenses
1849 1042 1985 1125 perlata

274 1181 372 1226 sacra
396 1181 472 1228 esse
505 1178 648 1228 constat.
702 1164 791 1230 Hinc
820 1162 1020 1248 Sapphonis
1052 1165 1147 1248 quod
1180 1163 1303 1228 dicitur
1335 1164 1548 1249 epigramma
1583 1163 1830 1230 dedicatorium
1864 1166 1985 1233 melius

276 1307 377 1370 quam
402 1287 566 1354 successit
597 1289 841 1374 interpretibus
872 1287 1111 1374 intellegemus
1142 1290 1174 1354 in
1207 1289 1458 1374 Anthologiam
1491 1287 1678 1354 Palatinam
1703 1290 1985 1377 v1269(=sr.

278 1413 339 1476 188
365 1412 518 1498 Bergkii)
542 1430 735 1498 receptum:

701 1543 819 1624 παῖδας,
841 1544 966 1628 ἄφωνος
988 1542 1077 1608 ἐοῖσα
1098 1538 1163 1607 οὐδ’
1186 1540 1314 1623 ἐννέπω,
1338 1543 1372 1605 αἶ
1392 1563 1437 1618 τις
1460 1541 1576 1628 ἔρηται,

756 1667 863 1751 φωνὰν
886 1667 1050 1734 ἀθανάταν
1073 1665 1255 1752 κατύερένα
1277 1664 1337 1751 πρὸ
1361 1667 1479 1732 ποδῶν·

704 1788 855 1880 ‘Aliaria
877 1815 915 1880 με
938 1794 1019 1880 κόρᾳ
1040 1793 1163 1871 Λατοῦς
1185 1791 1343 1878 ἀνὲὐηκεν
1365 1786 1495 1877 Ἀρίστα

755 1915 993 2006 Ἑρμοαλειδαία
1015 1931 1059 1988 τῶ
1082 1917 1269 1999 menerba,

702 2044 743 2110 σὰ
766 2045 933 2129 πρόπολος,
957 2045 1104 2110 δέσποινα
1126 2051 1292 2128 γυναικῶν,
1315 2041 1337 2128 ᾇ
1359 2045 1399 2110 σύ
1422 2053 1553 2129 χαρεῖσα

755 2170 902 2256 πρόφρων
925 2170 1077 2258 ἁμετέραν
1100 2170 1260 2238 εὐκλὲιοον
1282 2170 1412 2257 γενεάν]

276 2289 451 2368 Sententia
474 2293 646 2377 poematis
670 2295 756 2360 haec
779 2311 842 2374 est,
867 2311 903 2360 ut
928 2297 1019 2363 dicat
1045 2294 1220 2380 puellulae
1249 2311 1373 2373 statua,
1405 2316 1443 2360 se
1475 2295 1585 2379 ipsam
1619 2294 1758 2380 quidem
1791 2293 1886 2380 loqui
1919 2315 1986 2360 non

275 2437 391 2501 posse,
416 2418 490 2486 basi
516 2435 627 2485 tamen
659 2420 821 2506 inscripta
856 2420 926 2507 legi
961 2441 1051 2506 quae
1085 2421 1311 2506 spectantium
1346 2419 1375 2486 si
1398 2435 1566 2503 quaerant
1598 2420 1739 2498 intersit,
1765 2417 1987 2505 ‘Aethopiae’

275 2544 430 2610 nimirum
446 2545 595 2612 ‘nixibus
611 2545 792 2630 praesenti
801 2544 827 2632 ⁸)
851 2548 982 2614 Dianae
1001 2548 1068 2613 hoc
1091 2549 1173 2614 artis
1197 2561 1450 2613 monumentum
1475 2545 1625 2611 dicatum
1649 2566 1735 2611 esse.
1773 2545 1830 2610 Ex
1853 2545 1985 2631 templo

275 2669 380 2754 igitur
405 2670 623 2756 ‘Aethopiae'
645 2672 699 2738 hic
723 2673 842 2740 titulus
866 2674 1016 2740 dialecto
1039 2691 1099 2740 aut
1121 2672 1269 2738 Aeolica
1292 2687 1352 2736 aut
1377 2671 1503 2748 Dorica
1527 2671 1742 2755 conscriptus
1772 2671 1804 2735 in
1836 2670 1986 2756 Sapphi-

277 2815 396 2861 corum
420 2797 605 2865 carminum
628 2797 805 2886 syllogam
830 2801 986 2883 pervenit
997 2797 1035 2884 ⁴).

277 2958 490 2970 ——NJ

435 3028 456 3098 ¹)
476 3033 597 3083 Lexicou
617 3033 845 3098 SeguerianumV
862 3034 1014 3101 (Anecdota
1032 3050 1132 3098 graeca
1151 3037 1162 3085 i
1180 3051 1207 3104 p.
1227 3050 1276 3100 ³55
1297 3033 1426 3100 Bekirer.)
1462 3032 1600 3084 hibebatur
1619 3036 1665 3100 τῆς
1684 3032 1796 3096 Εὐβοίας
1814 3033 1868 3082 ieri
1888 3033 1986 3098 χωρίον

278 3120 341 3170 nihil
361 3124 425 3171 novi
444 3123 570 3173 continet.

435 3209 627 3276 ²)iiesychtus
654 3227 675 3264 s.
696 3230 722 3264 v.
742 3215 912 3281 Αἰθιοπῑαὴ
938 3215 1110 3282 Σαμοθρᾴκῃ.
1148 3215 1229 3266 ἄλλοι
1256 3216 1303 3281 τὴν
1330 3213 1460 3278 Ἄρτεμιν.
1489 3241 1523 3250 -
1550 3211 1578 3264 S.
1599 3227 1624 3262 v.
1648 3211 1787 3278 Αἰθιοπίης
1813 3213 1903 3262 παῖδα.
1932 3209 1986 3262 ’τὸν

275 3300 404 3352 Διόνυσον
421 3302 570 3368 'Arminii
590 3303 634 3368 (ir.
656 3318 704 3367 ¹3⁵
724 3304 845 3372 Bergk),
864 3305 943 3356 ditior
961 3306 1006 3356 τὸν
1025 3301 1102 3358 οῐνον.
1140 3304 1281 3358 Serneiene
1305 3319 1340 3353 an
1363 3305 1452 3354 Dione
1476 3303 1578 3370 (Eurip.
1602 3302 1634 3352 ir.
1657 3315 1704 3365 ¹77
1728 3297 1789 3366 NJ)
1812 3316 1847 3350 an
1870 3301 1986 3364 Thyone

276 3391 414 3454 (Aeschyl.
434 3391 466 3441 ir.
486 3408 512 3456 p.
534 3405 566 3457 73
586 3375 646 3458 iii)
665 3394 828 3458 ‘Aethiopia'
847 3395 957 3446 dicitur?
1459 3381 1462 3386 ,

435 3476 458 3546 ⁸)
476 3483 600 3533 δέσποινα
617 3487 747 3548 γυναικῶν
766 3495 807 3534 est
819 3485 907 3534 Diana
925 3485 1063 3550 Ἰφιγένεια
1080 3485 1186 3550 'potens
1204 3485 1289 3547 uteri',
1308 3495 1335 3533 ut
1350 3481 1443 3533 Ovidii
1463 3479 1547 3532 rerba
1565 3496 1647 3546 supra
1666 3478 1802 3545 adscripta
1821 3495 1847 3544 p.
1861 3479 1913 3530 ΧΠ
1926 3495 1986 3530 mea

274 3570 378 3622 faciam.
417 3573 483 3628 Rem
503 3573 632 3624 intellexit
650 3573 778 3626 Weiciter
796 3574 851 3638 Op.
872 3574 907 3626 iii
925 3590 952 3640 p.
971 3571 1060 3638 ²0³⁵⁰·
1098 3575 1258 3641 Ἀγροτέραν
1274 3572 1397 3638 Ἄρτεμιν
1420 3572 1438 3622 ii
1456 3575 1587 3638 γυναικῶν
1604 3570 1663 3636 uir*
1680 3570 1737 3635 ixit
1754 3570 1855 3634 κράτος
1873 3569 1985 3621 acolium

276 3659 339 3710 dicit
359 3677 374 3724 4
395 3661 495 3736 Bergk.

425 3747 457 3815 ¹⁴)
478 3747 625 3801 Videndum
646 3763 686 3802 est
705 3751 739 3802 de
757 3753 943 3818 'Theognidis'
963 3753 1079 3804 carmine
1102 3755 1168 3812 1206
1188 3769 1261 3818 sqq.:

702 3843 791 3894 Δῑύων
809 3843 855 3908 μὶν
872 3845 949 3909 ‘sivae
967 3845 1027 3910 cipi,
1045 3842 1121 3894 πόλιν
1140 3843 1284 3910 δ’τύττιχύα
1302 3839 1387 3909 {iiim

808 3935 883 3996 οἰκῶ,
902 3935 1025 4000 πατρῴας
1043 3938 1092 4000 γῆς
1111 3935 1314 4001 ἀπνρνντορινος.

703 4023 738 4087 μή
757 4023 889 4087 μ’ἀριλῶς
907 4025 1037 4086 παίζουσα
1055 4022 1147 4088 φίλους
1165 4023 1271 4084 ὐύνναζο
1289 4026 1398 4088 τοκῆας,

800 4109 916 4178 'Aerope
936 4113 978 4164 coi
997 4113 1044 4178 piu
1061 4113 1113 4178 γὰρ
1132 4111 1238 4164 ὐούλιον
1255 4107 1326 4178 ἦμαρ
1345 4113 1395 4176 im,

701 4200 762 4266 ἡμῖν
780 4201 878 4253 δ’ἀλλα
896 4203 942 4268 μὲν
959 4203 1023 4265 iuri,
1041 4202 1125 4268 γύναι,
1143 4203 1219 4253 κακὰ
1236 4201 1323 4266 πόλλ’,
1342 4203 1399 4252 iatri
1417 4203 1450 4252 itt
1467 4205 1517 4267 γῆς

809 4290 948 4357 φούγομιν,
967 4291 1086 4358 ἀργαλέη
1105 4292 1179 4343 δὀὐκ
1197 4293 1239 4342 int
1258 4291 1411 4357 δουλοσύνη,

704 4379 759 4430 οὐδ’
778 4380 846 4446 ἡμᾶς
864 4387 972 4446 περνασι
991 4397 997 4411 ·
1016 4382 1092 4444 πόλις
1110 4395 1143 4447 γα
1161 4382 1208 4450 μον
1225 4382 1280 4432 ἐστι
1298 4384 1346 4433 καὶ
1364 4382 1424 4448 ἡμῖν

809 4469 890 4537 καλή,
909 4470 1021 4540 Ληθαίῳ
1040 4472 1184 4541 ατκλιμύνη
1202 4473 1291 4536 πσύίφ.

275 4551 376 4617 ‘Poeta‚
401 4557 474 4606 cuius
493 4557 519 4608 hi
541 4568 600 4608 sunt
626 4575 728 4624 versus,
752 4561 868 4612 sortasse
891 4561 1004 4612 Euboea
1027 4561 1074 4611 iuit
1098 4560 1238 4624 oriundus,
1258 4561 1283 4609 in
1303 4575 1355 4624 qua
1381 4559 1466 4610 insuia
1484 4560 1593 4609 Nonnus
1613 4559 1673 4608 Xiii
1697 4562 1745 4622 1⁶4
1765 4559 1884 4624 Ὡρνγίης
1907 4547 1986 4608 ribot)

276 4643 360 4709 Δῐύης
384 4647 514 4695 recenset·
537 4645 687 4710 Bergldus⁴
706 4665 732 4715 p.
754 4665 814 4716 223.
851 4651 935 4718 Δῐύης
959 4650 996 4700 ibi
1022 4651 1144 4700 codicum
1164 4665 1296 4700 consensu
1316 4649 1420 4700 videtur
1439 4649 1595 4700 stabilitum:
1615 4649 1648 4698 ci.
1669 4647 1803 4710 Koechiyi
1823 4647 1908 4713 praet.
1929 4647 1940 4696 i
1959 4662 1985 4711 p.

277 4732 372 4784 vai.
414 4735 526 4786 Accedit
554 4737 673 4788 aiterum.
715 4739 852 4789 'Lethaea'
874 4740 999 4805 planities
1026 4739 1153 4790 admonet
1176 4739 1281 4804 Stygis3
1309 4739 1376 4802 Styx
1403 4739 1554 4789 Euboensis
1582 4737 1617 4788 ab
1642 4737 1738 4786 eodem
1757 4737 1853 4786 Nonno
1878 4737 1986 4786 affertur

276 4821 311 4872 ib.
335 4824 382 4873 162
403 4840 478 4890 sqq.:

701 4919 785 4985 ἀκτὴν
803 4920 985 4984 κυματὸτσσαν
1004 4919 1141 4986 ἀσιγήτοιο
1160 4919 1302 4984 Γεραιστοῦ

701 5011 748 5059 καὶ
766 5007 853 5074 Στύγα
872 5010 919 5060 καὶ
937 5007 1085 5060 Κοτύλαιον
1103 5011 1163 5072 ibor
1181 5011 1229 5061 itui
1246 5009 1348 5074 Σιρίδος
1367 5009 1445 5074 Ιύρην

702 5099 857 5164 Παρραρίοο
876 5114 905 5149 τι
923 5099 1031 5149 τένοντα
1049 5099 1096 5149 καὶ
1114 5098 1234 5164 Ὠρύγιον
1251 5099 1331 5149 attor
1349 5097 1442 5163 Αἴθης.

275 5188 368 5263 ltaque
394 5188 482 5240 atior
509 5204 561 5254 pro
580 5185 670 5254 Αῐύοψ
693 5198 719 5237 et
737 5187 807 5254 aton
836 5203 887 5254 pro
906 5187 1023 5238 Δῑύοττία
1051 5187 1148 5238 dictum
1181 5203 1242 5238 esse
1270 5187 1400 5256 suspicari
1426 5189 1524 5254 possis.
1566 5187 1624 5236 Nos
1648 5187 1797 5242 dubitamus
1824 5188 1848 5253 r)
1871 5199 1985 5254 propter

276 5280 383 5330 iiuvium
411 5275 531 5348 Ληύαῖον
557 5278 685 5344 Triccae3
715 5279 740 5344 2)
768 5288 882 5344 propter
909 5276 1001 5346 Λῆύον
1029 5277 1168 5344 Pelasgum
1201 5279 1364 5344 Larisaeoru,
1392 5278 1542 5344 Hippothoi
1573 5279 1754 5330 Troianorum
1782 5278 1849 5328 socii
1880 5289 1984 5344 patrem
