4780 6044
1171 403 1217 468 Vl

1083 495 1294 502 ψ-

334 617 460 681 factum
484 616 586 680 etiam
611 614 671 680 illo
687 617 718 680 in
735 637 837 680 versu
855 631 917 694 est,
942 617 1095 682 adhibita
1119 617 1276 682 occurrit.
1324 615 1424 696 Quae
1440 615 1467 680 si
1484 631 1577 680 recte
1598 615 1774 700 disputata
1790 630 1877 692 sunt,
1903 616 2044 679 eandem

334 739 590 826 interpolatoris
613 763 749 806 manum
772 741 825 806 bis
848 741 1145 826 deprehendimus.

495 867 595 948 Quae
627 869 672 932 ad
703 868 826 956 Jovem
858 865 1164 934 ‘contrectatorem’
1186 867 1388 952 pertineant,
1422 881 1460 931 ut
1483 866 1527 932 ad
1558 866 1721 952 graviora
1754 866 1868 931 aditus
1892 867 2045 950 patefiat,

336 1015 382 1058 ex
407 993 902 1078 supplicibus-componimus.
949 994 1116 1060 Versibus
1145 1015 1210 1080 554
1237 1015 1314 1078 sqq.
1364 997 1417 1059 καί
1446 991 1518 1059 τότε
1541 995 1579 1080 δὴ
1610 993 1653 1072 τίς
1685 993 1723 1080 ἦν
1753 995 1783 1078 ό
1803 992 1919 1074 θέλξας
1950 993 2045 1061 πολύ-

335 1121 496 1206 πλαγκτον
519 1119 636 1187 ἀθλίαν
659 1120 892 1208 οἰστροδόνητον
916 1117 983 1205 Ἰύιγ
1015 1122 1092 1200 Ζεὺς
1123 1123 1233 1199 αἰῶνος
1259 1119 1359 1206 κρέων
1389 1120 1575 1186 ἀπαύστου.
1601 1168 1608 1182 .
1634 1165 1641 1182 .
1667 1119 1717 1205 βία
1746 1117 1818 1202 (δύα
1849 1119 1935 1184 σοιτί.
1960 1120 2045 1184 Her·

333 1243 488 1330 mannus)
512 1243 539 1312 δ’
554 1248 725 1333 ἀπημάντῳ
749 1247 856 1313 σθένει
871 1250 925 1312 καί
946 1248 1046 1326 θείαις
1060 1247 1230 1325 ἐπιπνοίαις
1252 1245 1392 1328 παύεται,
1408 1244 1552 1330 δακρύων
1568 1241 1770 1325 δ’ἀποστοίζει
1791 1245 1944 1332 πένθιμον
1968 1245 2044 1312 αἰδῶ

336 1369 459 1435 dicitur
487 1371 540 1436 vis
562 1371 641 1459 Joni
669 1368 802 1456 duplex
825 1372 917 1435 facta
940 1388 975 1434 et
998 1370 1031 1434 in
1048 1371 1175 1436 bovem
1191 1384 1422 1435 commutatae
1438 1385 1472 1434 et
1488 1389 1651 1434 vesanae:
1675 1368 1759 1434 iliud
1776 1369 1912 1436 divinae
1928 1391 2046 1436 manus

301 1487 306 1496 '
334 1497 496 1584 contagio
525 1496 710 1585 (ἀπημάντῳ
734 1494 854 1580 σθένει)
866 1491 902 1581 ¹),
926 1498 994 1562 hoc
1018 1498 1118 1573 θείαις
1141 1495 1309 1574 ἐπιπνοίαις
1333 1495 1493 1581 (afflantis
1515 1495 1570 1559 dei
1587 1493 1763 1581 contagio)
1786 1497 1943 1560 sedatum
1968 1517 2044 1561 esse

332 1623 544 1707 perhibetur.
590 1623 697 1709 Igitur
721 1624 995 1707 exspectandum
1019 1637 1070 1688 est
1095 1637 1246 1706 poetam,
1271 1622 1299 1686 si
1323 1621 1425 1686 etiam
1457 1619 1578 1685 bacin
1610 1621 1791 1706 tragoedia
1817 1620 2043 1704 veriloquium

333 1746 476 1836 Ἐπάφου
512 1746 723 1832 periclitatus
758 1764 820 1828 est,
855 1749 901 1814 ab
936 1748 1001 1812 hac
1035 1748 1166 1832 duplici
1197 1750 1303 1833 ἐπαφῇ
1335 1747 1411 1834 Joni
1443 1746 1542 1812 matri
1569 1767 1590 1810 a
1621 1746 1709 1833 Jove
1733 1745 1836 1811 inlata
1859 1747 2044 1830 Epaphum

327 1863 492 1956 'quamvis
514 1895 680 1959 perversa
704 1890 816 1939 tamen
841 1863 906 1940 sibi
930 1875 1099 1940 constanti
1130 1889 1164 1940 et
1194 1889 1294 1938 sueta
1321 1873 1452 1939 ratione
1482 1872 1764 1938 denominavisse.
1820 1873 1893 1937 Nec
1926 1870 2044 1938 fefellit

334 1999 498 2084 opinatio
545 2001 588 2066 V.
617 2001 655 2064 16
686 2021 762 2084 sqq.
788 1999 896 2086 Argis
929 1999 1067 2084 puellae
1098 2021 1136 2065 se
1170 1999 1332 2064 oriundas
1365 1997 1565 2085 gloriantur,
1599 1997 1676 2066 όθεν
1706 2000 1744 2084 δὴ
1776 1998 1864 2084 γένος
1895 1999 2044 2087 ἡμέτερον

333 2122 418 2209 (scil.
452 2123 545 2211 ἐστί),
577 2137 634 2212 τῆς
671 2127 866 2212 οἰστροδόνου
899 2127 969 2212 βοός
1003 2127 1036 2206 ἐξ
1075 2125 1196 2214 ἐπαφῆς
1235 2127 1295 2206 κάξ
1334 2125 1491 2204 ἐπιπνοίας
1527 2123 1597 2203 Διὸς
1636 2125 1804 2211 εὐχόμενον
1842 2123 2042 2191 τετελέσθαιι

333 2251 393 2315 ubi
428 2274 474 2316 ex
514 2251 638 2317 vitiosa
676 2252 847 2336 scriptura
887 2252 1044 2316 codicum
1084 2253 1261 2319 τετέλεσται
1299 2249 1436 2316 conlato
1474 2271 1507 2315 v.
1547 2269 1607 2334 521
1650 2251 1739 2335 γένος
1777 2247 1930 2338 εὐχόμεθ’
1967 2249 2043 2317 εἶναι

331 2388 390 2464 γᾱς
423 2379 486 2444 ἀπό
519 2375 617 2462 τάσδ’,
650 2380 763 2444 ἔνοικοι
794 2378 861 2461 ipsi
892 2377 1100 2442 restituimus
1140 2377 1334 2456 τετελέσθαι,
1369 2377 1532 2442 cedentes
1569 2391 1682 2441 tamen
1713 2375 1896 2442 Schuetzio
1934 2397 2044 2440 emen·

333 2502 550 2567 datiunculae
573 2501 710 2567 laudem
731 2503 798 2568 iam
814 2503 991 2589 octoginta
1015 2504 1087 2568 fere
1110 2525 1217 2569 annos
1240 2504 1324 2568 mira
1341 2502 1528 2566 concordia
1551 2502 1596 2566 ab
1624 2500 1816 2566 editoribus
1844 2502 2042 2586 despectae.

333 2628 409 2694 Hae
441 2628 546 2714 igitur
575 2629 673 2716 Jovis
704 2625 1010 2694 ‘contrectationes'
1039 2629 1116 2717 Joni
1146 2627 1344 2694 salutiferae
1374 2629 1464 2715 ῥύσια
1493 2625 1552 2691 illa
1582 2641 1674 2705 sunt,
1699 2627 1744 2691 de
1768 2626 1895 2709 quibus
1918 2647 1951 2694 v.
1978 2645 2044 2712 299

335 2775 386 2837 sq.
411 2769 531 2840 poeta:

761 2883 805 2961 τίς
828 2881 882 2948 ούν
906 2883 923 2948 ό
948 2883 1018 2960 Δῖος
1040 2882 1145 2968 πόρτις
1168 2884 1293 2968 εὔχεται
1318 2880 1404 2967 βοός;

759 3006 913 3094 Ἔπαφος,
937 3009 1069 3094 ἀληθῶς
1092 3009 1205 3094 ῥυσίων
1228 3007 1397 3092 ἐπύνυμος.

333 3131 428 3195 Alibi
451 3131 595 3196 alterum
619 3147 731 3197 utrum
762 3133 859 3220 Jovis
893 3133 1088 3218 contagium
1119 3131 1232 3198 solum
1265 3146 1566 3196 commemoratur:
1591 3153 1624 3197 v.
1654 3135 1960 3218 1035sqq.6oesp
1990 3127 2043 3198 Ἰὼ

334 3269 473 3344 πημονᾶς
497 3255 622 3324 ἐλύσατ’
645 3257 680 3324 εύ
703 3262 781 3346 χειρὶ
805 3260 947 3345 παιωνίᾳ,
978 3261 1199 3345 καταστροφάν
1230 3257 1288 3343 (G.
1313 3257 1501 3320 Hermann:
1537 3257 1749 3344 κατασχεθύν
1772 3255 1817 3342 Μ)
1842 3260 1964 3344 εὐμενεῖ
1993 3259 2044 3346 βίᾳ

335 3385 443 3464 κτίσας
466 3419 511 3430 —-
534 3405 610 3448 nam
634 3383 714 3448 mihi
738 3399 921 3468 utrumque
945 3385 1082 3450 videtur
1105 3385 1151 3448 de
1172 3382 1471 3448 transformatione
1496 3382 1653 3466 corporis
1669 3382 1796 3447 dictum
1813 3387 1915 3470 χειρός
1930 3385 2043 3470 ἐφάψει

333 3510 458 3574 effecta
481 3545 526 3556 -
549 3524 583 3574 ει
612 3531 644 3574 ν.
669 3530 713 3593 4ο
736 3531 812 3594 sqq.
846 3521 898 3576 νύν
921 3507 1182 3596 δ’ἐπικεκλομένα
1204 3509 1276 3576 Δῖον
1303 3510 1410 3596 πόρτιν
1433 3508 1634 3594 ύπερπύντιον
1663 3505 1793 3594 τιμάορ’,
1824 3508 1880 3574 ἶνιν
1910 3511 2042 3576 ἀνθονο-

333 3637 450 3722 μούσας
473 3639 627 3724 προγόνου
652 3637 732 3724 βοός,
756 3637 790 3716 ἐξ
812 3638 970 3716 ἐπιπνοίας
986 3637 1084 3723 Ζηνός
1106 3639 1221 3723 ἔφαψιν
1238 3633 1409 3722 (ἐπωνυμίᾳ
1431 3631 1663 3720 δ’ἐπεκραίνετο
1686 3634 1833 3722 μόρσιμος
1856 3637 1932 3702 αἰὼν
1955 3637 2042 3704 εὐλό-

331 3783 405 3848 γως,
421 3759 567 3848 Ἔπαφόν
581 3758 609 3827 τ’
624 3761 799 3847 ἐγέννασεν)
816 3759 878 3828 ὄντ’
897 3762 1107 3848 έπιλεξομένα,
1124 3773 1177 3831 νύν
1199 3765 1233 3829 ἐν
1254 3759 1429 3848 ποιονόμοις
1446 3764 1559 3846 ματρός
1574 3761 1706 3848 ἀρχαίας
1721 3761 1826 3840 τόποις
1841 3773 1904 3848 τῶν
1919 3763 2043 3850 πρόσθε

331 3890 436 3957 πόνων
466 3889 656 3975 μνασαμένα,
684 3883 836 3974 γονέωνέ)
868 3889 1008 3969 ἐπιδείξω
1038 3893 1132 3956 πιστὰ
1154 3889 1306 3976 τεκμήρια
1328 3885 1406 3954 κτλ’.
1454 3887 1587 3951 Ηοτυιιι
1611 3907 1772 3952 versuum
1795 3902 1967 3954 structura
1983 3889 2041 3952 im·

332 4014 451 4098 pedita
474 4013 718 4097 interpretibus
751 4014 841 4078 adeo
874 4015 948 4080 visa
981 4031 1043 4094 est,
1073 4030 1110 4080 ut
1141 4016 1186 4080 de
1214 4014 1359 4079 veritate
1382 4014 1608 4107 desperantes
1632 4028 1806 4097 quotquot
1829 4013 1929 4078 nobis
1952 4013 2042 4078 inno·

334 4155 470 4206 tuerunt
494 4159 614 4204 omnes
637 4140 880 4204 obmutuerint.
927 4142 1152 4225 interruptam
1170 4160 1233 4206 nos
1250 4139 1423 4204 enuntiato
1440 4135 1599 4226 ἐπωνυμίᾳ
1612 4173 1651 4184 -
1665 4138 1828 4224 ἐγέννασεν
1852 4138 2042 4204 orationem

331 4285 507 4330 censemus
531 4279 567 4329 et
590 4265 808 4348 participium
830 4266 1057 4351 ἐπικεκλομένα
1080 4267 1151 4333 Δῖον
1174 4267 1281 4352 πόρτιν
1304 4263 1413 4349 repeti
1438 4264 1477 4328 iis
1501 4283 1592 4346 quae
1614 4262 1790 4328 subiunxit
1814 4261 1877 4330 ὅντ’
1900 4266 2039 4346 έπιλεξο·

333 4412 488 4420 -μ----.--
503 4413 509 4418 .
524 4411 544 4418 ιιι

491 4476 512 4545 1)
530 4480 629 4529 iniecta
648 4495 725 4529 manu
744 4479 1003 4530 transformationem
1023 4480 1105 4530 efficit
1124 4481 1224 4546 Apollo
1245 4481 1370 4546 Cragalei
1389 4480 1524 4546 (Antonin.
1544 4478 1604 4529 Lib.
1625 4496 1640 4542 4
1672 4479 1810 4530 Ἀπόλλων
1833 4480 1942 4532 δέκετ’
1960 4481 2042 4547 ὀργὴν

332 4569 467 4635 ἁψάμενος
491 4569 570 4620 αύτού
594 4573 626 4634 τῇ
648 4571 716 4634 χειρί
734 4570 828 4633 πέτρον
848 4569 969 4635 ἐποίησεν
992 4571 1082 4635 ίναπερ
1108 4569 1234 4640 εἱστήκει)
1257 4571 1380 4635 Juppiter
1405 4570 1571 4634 Periphantls
1596 4565 1641 4633 (ib.
1666 4571 1683 4618 ό
1709 4569 1772 4631 Ζεύς
1797 4570 1827 4620 δέ
1845 4571 2040 4636 νεμεσήσας..

331 4659 419 4711 ἐλθὼν
438 4661 475 4722 είς
493 4659 526 4710 τά
545 4661 618 4710 οἰκία
636 4663 682 4710 τού
701 4659 861 4723 Περίφαντος
878 4661 925 4708 καί
943 4659 1101 4723 καταλαβὼν
1121 4661 1262 4726 ὁμιλοῦντα
1280 4664 1312 4725 τῇ
1330 4661 1433 4724 γυναικί
1451 4659 1542 4720 πιέσας
1561 4659 1721 4723 ἀμφοτέραις
1739 4663 1797 4720 ταῖς
1814 4661 1902 4723 χερσίν
1920 4660 2042 4726 ἐποίησεν

331 4749 425 4813 όρνιθα
444 4749 538 4811 αἰετόν,
558 4749 605 4814 τἠν
623 4750 652 4800 δέ
670 4753 784 4814 γυναῖκα
864 4745 966 4816 φηνην).
1005 4749 1095 4798 Locos
1115 4750 1269 4800 Knaackius
1288 4748 1477 4814 suppeditavit.
1516 4749 1569 4798 lam
1589 4747 1703 4798 Ouidius
1734 4747 1840 4797 Metam.
1868 4749 1890 4797 ll
1909 4751 1961 4812 47⁶
1980 4763 2039 4814 sqq.

332 4837 396 4904 quid
415 4838 529 4888 voluerit
548 4839 733 4904 perspicimus.
771 4837 840 4904 Juno
859 4839 926 4888 irata
945 4847 972 4888 ut
990 4837 1088 4888 adimat
1108 4839 1247 4889 Callistoni
1266 4838 1385 4902 speciem
1404 4837 1542 4887 humanam

931 4943 1054 4978 aversam
1073 4929 1179 4992 prensis
1198 4943 1214 4977 a
1232 4927 1320 4977 fronte
1340 4926 1446 4991 capillis

796 5019 890 5067 stravit
909 5017 980 5066 humi
998 5031 1111 5082 pronam
1131 5054 1137 5067 .
1156 5016 1284 5068 tendebat
1302 5015 1429 5068 bracchia
1447 5015 1576 5081 supplex:

797 5106 926 5157 bracchia
946 5115 1092 5170 coeperunt
1110 5108 1194 5172 nigris
1213 5109 1372 5158 horrescere
1390 5105 1462 5158 villis
1481 5113 1531 5157 etc.

331 5201 482 5248 Teneamus
501 5207 588 5248 tamen
607 5198 656 5246 tria
675 5196 742 5246 hacc
761 5196 886 5261 exempla
910 5195 943 5244 de
967 5193 1018 5244 diis
1037 5211 1098 5246 esse
1116 5196 1253 5247 iracundia
1270 5193 1400 5261 abreptis.
1438 5195 1539 5246 Baculo
1563 5210 1616 5246 non
1639 5192 1721 5245 modo
1745 5195 1893 5244 Mercurius
1916 5194 2039 5244 Antonin.

335 5303 374 5340 ιο.
395 5301 437 5352 23,
456 5303 549 5336 verum
568 5288 647 5336 etiam
666 5287 754 5336 Diana
772 5287 851 5336 utitur
869 5284 1000 5348 Meleagri
1020 5299 1132 5340 sorores
1149 5296 1279 5341 :nutatura
1297 5284 1334 5337 ib.
1355 5299 1394 5336 ε..

490 5371 512 5442 Ι)
530 5378 629 5442 γονέων
649 5376 682 5426 G.
702 5377 846 5428 Hermann:
866 5376 900 5429 τά
918 5389 947 5424 τε
966 5377 1010 5425 νύν
1029 5375 1064 5428 M.
