4780 6044
463 550 493 612 3.
518 526 672 612 Hesych.
695 549 723 593 s.
748 549 781 592 ν.
805 527 959 614 έραπτός]
970 523 997 613 ¹)
1019 530 1080 596 ὑπὸ
1103 531 1182 596 θεοῦ
1204 530 1440 617 κεχαρισμένοςι
1465 529 1644 594 scribimus
1660 531 1886 618 κεχειρωμένος
1904 535 2013 594 ‘manu

300 651 449 720 curatus’
484 669 519 718 et
553 676 630 720 cum
664 653 733 719 alia
767 653 874 720 multa
908 676 1014 740 supra
1048 671 1238 722 memorata
1272 671 1343 722 tum
1371 655 1540 742 Julianum
1567 655 1810 739 imperatorem
1839 654 2014 720 oblivione

300 800 410 864 paene
439 778 674 845 oblitteratum
714 780 918 847 conferimus
948 782 995 847 ita
1026 779 1253 869 Jamblichum
1288 779 1535 865 philosophum
1565 781 1596 846 in
1633 781 1797 864 Epistulis
1821 780 1864 866 (II
1887 802 1921 865 p.
1947 799 2012 865 524

301 904 426 990 Hertl.)
458 907 645 971 adfantem:
679 909 717 973 σὺ
750 904 884 994 δ’ὥσπερ
915 910 966 974 ἐπὶ
998 909 1136 996 σωτηρίᾳ
1166 919 1221 974 τοῦ
1253 919 1358 974 κοινοῦ
1388 917 1450 974 τῶν
1478 908 1656 995 ἀνθρώπων
1679 908 1787 992 γένους
1809 909 1935 994 τεχθεὶς
1957 911 2014 992 τὴν

301 1025 496 1118 Ἀσκληπιοῦ
519 1043 609 1118 χεῖρα
631 1043 795 1119 πανταχοῦ
818 1035 922 1119 ζηλῶν
945 1037 1069 1102 ἅπαντα
1091 1033 1209 1120 ἐπέρχῃ
1233 1034 1328 1119 λογίῳ
1352 1056 1386 1100 τε
1409 1036 1463 1100 καὶ
1486 1034 1629 1120 σωτηρίῳ
1653 1034 1788 1119 νεύματι.

461 1177 493 1240 4.
517 1156 649 1222 Summi
673 1158 885 1222 aestimanda
908 1155 1028 1242 glossa
1052 1173 1104 1224 est
1127 1156 1293 1242 Hesychii
1316 1179 1343 1222 s.
1368 1180 1401 1222 v.
1448 1157 1650 1245 Χειρογονία]
1674 1161 1695 1245 ἡ
1719 1159 1910 1245 Περσεφόνη.
1947 1157 2014 1222 ‘An

301 1281 398 1364 quod
432 1303 593 1348 manuum
626 1283 748 1348 labore
782 1300 965 1348 nascuntur
1002 1281 1131 1371 fruges’
1170 1281 1259 1347 male
1298 1283 1524 1369 interrogavit
1564 1286 1701 1349 Isaacus
1736 1283 1881 1348 Vossius
1918 1284 2012 1367 apud

300 1406 484 1472 Hennicum
520 1407 734 1492 Stephanum
762 1430 790 1472 s.
814 1431 847 1473 v.
876 1403 987 1474 Multo
1021 1409 1122 1474 etiam
1158 1407 1257 1492 peius
1293 1408 1468 1473 obstruxit
1503 1430 1579 1473 cum
1614 1409 1680 1473 sibi
1716 1425 1787 1474 tum
1821 1407 1950 1473 Plewio
1980 1408 2013 1471 io

301 1530 441 1596 Prelleri
473 1531 583 1617 Myth.
621 1554 673 1619 gr.
705 1529 734 1596 1³
766 1554 799 1617 p.
829 1529 911 1618 641²
943 1534 1016 1599 veri
1048 1534 1278 1622 cognitionem
1310 1536 1355 1598 M.
1380 1534 1590 1600 Schmidtius
1617 1534 1742 1599 Philol.
1765 1535 1846 1599 XIII
1877 1553 1911 1618 p.
1938 1553 2012 1612 220,

300 1677 378 1724 cum
401 1657 604 1746 Χειρογσνίαν
628 1659 858 1744 depravatum
883 1681 959 1726 esse
976 1682 1022 1724 ex
1037 1657 1172 1748 Ἀχειρὼ
1189 1658 1245 1744 (==
1261 1658 1515 1749 *Αχειρογέντιαλ
1530 1661 1664 1726 Cereris
1685 1660 1784 1726 simili
1800 1660 2012 1745 opinaretur:

300 1782 346 1846 de
369 1804 439 1868 qua
462 1783 675 1868 Hesychium
697 1806 725 1850 s.
750 1807 782 1852 ν.
829 1781 964 1873 Ἀχειρὼ
981 1835 1014 1850 ..
1038 1787 1092 1852 καί
1114 1787 1160 1872 Γη
1184 1787 1237 1852 καί
1269 1785 1418 1875 Δημήτηρ
1440 1790 1461 1874 ἡ
1484 1788 1562 1873 αὐτή
1587 1787 1731 1852 conferri
1755 1785 1861 1852 iussit.
1901 1785 2013 1850 Missis

301 1908 401 1995 nugis
436 1930 561 1976 novam
595 1909 687 1976 viam
721 1911 978 1996 ingrediendam
1013 1932 1091 1978 esse
1124 1910 1359 1978 existimantes
1394 1913 1438 1977 ad
1474 1913 1745 1996 compositorum
1785 1910 1902 1995 qualia
1936 1925 2013 1976 sunt

300 2035 479 2120 χειρουργές
502 2036 696 2122 χειρόμαντις
717 2032 853 2122 Ἰφιγένη
887 2035 1083 2122 analogiam
1113 2036 1216 2102 aliurn
1249 2037 1443 2124 significare
1476 2057 1598 2138 vocem
1632 2039 1819 2124 Χειρογόνος
1848 2056 2013 2123 negamus

302 2159 362 2228 nisi
386 2182 463 2224 eum
489 2159 558 2244 ‘qui
581 2178 619 2226 ut
642 2160 749 2226 infans
773 2177 933 2227 nascatur
949 2184 1049 2227 manu
1066 2159 1189 2228 efficit’.
1225 2161 1331 2228 Cuius
1347 2163 1415 2228 filia
1436 2178 1530 2228 recte
1546 2159 1750 2250 ‘xapopna’
1766 2159 2012 2246 appellaretur,

304 2302 340 2351 ut
364 2286 462 2374 Jovis
485 2283 629 2374 Ἐπάφου
653 2285 743 2354 filius
766 2287 921 2352 Bacchus
943 2285 1104 2375 Ἑτέριος.
1151 2291 1272 2372 Itaque
1295 2291 1362 2354 hoc
1385 2311 1507 2368 nomen
1530 2291 1717 2377 Χειρογὸνος
1740 2289 1819 2376 Jovi
1841 2287 2013 2353 ‘Contrec-

302 2409 414 2476 tatori'
438 2413 649 2478 reddendum
675 2413 845 2478 credimus
869 2429 902 2478 et
926 2413 1137 2500 Iphigeniam
1161 2412 1360 2503 Ὀρσιλοχὶαν
1376 2435 1627 2498 comparamus,
1653 2412 1825 2479 Orsilochi
1841 2413 1862 2478 i.
1879 2435 1909 2478 e.
1926 2411 2013 2478 uteri

299 2537 489 2606 incitatoris
512 2538 627 2617 filiam,
650 2538 748 2626 Jovis
773 2553 808 2603 ut
825 2554 987 2622 putamus
1003 2538 1294 2625 ‘Agamemnonis'
1318 2538 1495 2626 (Antonin.
1512 2539 1587 2604 Lib.
1607 2535 1703 2626 27).²)
1742 2539 1821 2624 Ipsa
1837 2537 2013 2624 Iphigenia

299 2660 468 2751 Ὀρσιλόχη
493 2664 526 2728 in
550 2663 701 2746 capitum
727 2663 887 2730 Antonini
912 2663 1061 2732 indiculo
1085 2666 1208 2732 dicitur
1239 2687 1272 2750 p.
1299 2687 1358 2734 σοι
1393 2667 1587 2745 western..
1619 2667 1729 2732 Diana
1759 2665 1854 2749 apud
1884 2663 2013 2728 Ammi-

300 2811 403 2856 anum
425 2791 527 2856 XXII
552 2792 643 2876 8,34:
668 2790 729 2856 nisi
753 2791 844 2856 forte
866 2788 1048 2879 Ὀρσιλοχία
1072 2807 1106 2856 et
1129 2789 1310 2882 Ὀρσιλόχη,
1333 2793 1520 2880 Χειρσγονία
1543 2809 1576 2858 et
1600 2791 1773 2879 Χειρογονη
1798 2789 1891 2856 nullo
1915 2791 2013 2860 inter,-

301 2916 444 2980 cedente
468 2916 659 2982 discrimine
682 2917 877 3001 promiscue
901 2917 1067 2982 dicuntur.
1113 2917 1237 2984 Sorani
1265 2934 1500 3002 praeceptum,
1531 2938 1601 3002 quo
1623 2917 1736 2982 omnia
1760 2915 1847 2982 haec
1870 2915 2013 3002 egregie

301 3040 541 3125 explanantur,
567 3063 600 3126 p.
625 3041 662 3106 X
685 3041 941 3126 adscripsimus.
967 3078 1007 3090 —
2017 3037 2019 3042 ’

461 3167 623 3234 Ceterum
650 3167 744 3234 illum
774 3169 937 3256 tangendi
968 3185 1106 3256 gestum
1134 3169 1319 3238 salutarem
1347 3171 1393 3234 ad
1416 3191 1517 3234 omne
1539 3169 1680 3236 sanandi
1703 3189 1813 3254 genus
1835 3182 2013 3251 spectasse

300 3293 402 3357 fidem
419 3292 526 3358 multa
542 3294 735 3362 testimonia
751 3295 887 3360 faciunt.
911 3293 1057 3379 Scripsit
1074 3295 1161 3362 Solo
1177 3296 1210 3360 in
1227 3295 1339 3382 elegia
1359 3296 1398 3360 sr.
1420 3317 1457 3380 13
1481 3294 1672 3360 officiorum
1687 3314 1817 3380 genera
1832 3313 2012 3390 recensens

304 3418 390 3484 haec
413 3418 458 3484 de
483 3420 623 3486 medicis
647 3442 680 3490 ν.
705 3422 851 3506 57-6αι

674 3548 765 3616 ἄλλοι
788 3547 930 3627 Παιῶνος
953 3549 1202 3635 πολυφαρμάκου
1225 3549 1316 3634 ἔργον
1340 3548 1465 3634 ἔχοντες

727 3673 839 3761 ἰητροί·
863 3676 1002 3752 καὶτοῖς
1025 3675 1113 3740 οὐδέν
1137 3675 1241 3742 ἔπεστι
1264 3674 1366 3752 τέλος·

673 3796 810 3866 πολλάκι
834 3796 894 3880 δ’έξ
917 3799 1023 3886 ὀλίγης
1047 3797 1157 3886 ὀδύνης
1180 3799 1261 3886 μέγα
1283 3799 1420 3886 γίγνεται
1443 3799 1550 3884 ἄλγος,

728 3927 810 3990 κούκ
832 3929 870 3991 ἄν
892 3947 938 4004 τις
960 3921 1080 3992 λύσαιτ’
1102 3927 1180 4010 ἤπια
1203 3925 1354 4011 φάρμακα
1377 3924 1458 4003 δοὺς.

673 4052 728 4116 τὸν
751 4051 785 4116 δέ
807 4061 920 4128 κακαῖς
944 4050 1079 4117 νούσοισι
1103 4049 1297 4136 κακούμενον
1320 4049 1486 4136 ἀργαλέαις
1509 4072 1543 4116 τε

729 4176 887 4262 ἁψάμενος
911 4186 1024 4263 χειροῖν
1048 4175 1127 4262 αἶψα
1148 4171 1256 4262 tlhno’
1278 4175 1359 4262 ὑγιη.

299 4301 344 4364 Μ.
385 4299 512 4386 Julium
543 4298 707 4384 Apellam
740 4299 974 4384 Aesculapius
1007 4301 1216 4385 Epidaurius
1249 4299 1362 4364 multis
1397 4300 1526 4364 morbis
1560 4313 1797 4385 aegrotantem
1829 4318 1905 4361 cum
1938 4295 2012 4360 aliis

301 4426 413 4490 modis
437 4442 507 4491 tum
533 4427 709 4512 tangendo
734 4427 881 4492 curavit:
914 4448 984 4512 qua
1012 4428 1057 4491 de
1078 4450 1117 4492 re
1141 4427 1230 4510 lapis
1253 4427 1285 4491 in
1318 4425 1447 4510 templo
1478 4427 1523 4490 ab
1553 4425 1631 4510 ipso
1653 4423 1784 4509 Apella
1812 4421 2012 4488 conlocatus

299 4552 385 4616 haec
410 4551 558 4616 continet
582 4550 631 4637 (p.
660 4571 719 4636 117
746 4551 841 4635 Isylli
863 4553 908 4616 W
911 4550 1188 4636 ilamowitzianI):
1213 4554 1316 4638 ἥψατο
1339 4553 1373 4618 δέ
1398 4575 1456 4639 μου
1479 4555 1532 4618 καί
1555 4564 1610 4638 τῆς
1634 4551 1733 4632 δεξιᾶς
1756 4554 1858 4639 χειρὸς
1881 4552 2012 4616 καὶτοῦ

461 4746 482 4814 ¹)
501 4749 643 4814 ’θέσφατος
661 4765 694 4799 an
713 4749 872 4814 θεοφατοςέ·
890 4749 1028 4800 adnotavit
1046 4751 1082 4800 M.
1101 4749 1271 4802 Schmidtius.

458 4835 480 4903 ²)
502 4839 645 4904 Aptissime
673 4838 754 4902 Igitur
772 4839 903 4902 Ευιοδῐνος
930 4840 1052 4904 epitheto
1079 4839 1204 4905 Jupplter
1230 4854 1247 4889 a
1275 4840 1372 4889 Nonno
1400 4839 1512 4890 XLVIII
1536 4855 1586 4903 975
1612 4849 1728 4902 ornatur,
1752 4853 1805 4888 non
1830 4838 1911 4887 modo
1938 4839 2011 4904 quod

301 4927 414 4979 [cilciter
435 4929 565 4978 Bacchum
591 4939 616 4978 et
640 4929 787 4978 Minervam
810 4930 918 4993 peperit
942 4929 1054 4994 (XXVII
1079 4930 1143 4980 601
1162 4929 1198 4994 5),
1216 4929 1264 4978 sed
1290 4930 1352 4995 quia
1371 4929 1577 4994 parturientibus
1597 4929 1741 4993 opitulamr
1765 4943 1817 4978 non
1837 4927 1915 4978 aliter
1934 4941 2011 4992 quam

300 5019 388 5067 Diana
412 5017 670 5084 Σουδῑνα-Εῠλοχος.
708 5017 839 5068 Πλοὺισιο
858 5017 967 5084 abduce
990 5019 1102 5084 Σάρδισς
1121 5019 1253 5082 Εὑιυοῖνας
1277 5030 1316 5070 est
1336 5019 1397 5068 XIII
1417 5021 1477 5082 467,
1498 5019 1627 5080 Εὺωοτνσς
1650 5019 1772 5084 Ἀφῑδνης
1792 5017 1853 5067 XIII
1876 5021 1923 5081 187
1949 5018 2011 5066 Ioco

298 5107 333 5156 ad
358 5123 402 5157 res
431 5117 456 5157 et
484 5108 578 5158 atticas
608 5119 634 5157 et
662 5107 792 5157 euboicas
815 5106 957 5156 admodum
980 5107 1160 5158 memorabili:
1185 5108 1257 5160 velut
1281 5109 1349 5159 Inter
1371 5109 1514 5159 Erechthei
1538 5107 1733 5158 commllltones
1757 5107 1871 5158 'atticos’
1894 5107 2012 5172 Siphnos

299 5196 474 5246 introducitur
493 5195 595 5246 insulae
614 5211 771 5262 eponymus‚
790 5195 864 5247 Sunii
883 5195 952 5246 filius
972 5193 1075 5262 (Steph.
1094 5213 1116 5248 s.
1137 5213 1162 5247 ν.
1182 5196 1294 5266 Σίφνσς).
1333 5199 1409 5248 Haec
1427 5200 1496 5250 enlm
1516 5200 1583 5248 inter
1601 5214 1632 5250 se
1651 5197 1818 5248 conectenda
1836 5209 1902 5262 sunt,
1923 5212 2012 5264 quam·
2102 5209 2104 5212 ·

299 5301 379 5354 quam
399 5287 510 5350 Iungere
529 5285 612 5336 noluit
632 5285 751 5336 Koebler
771 5285 951 5352 (Dionysiaka
971 5285 1019 5336 des
1038 5287 1149 5338 Nonnos
1168 5304 1194 5355 p.
1215 5288 1269 5356 36.)
