4780 6044
1174 379 1179 384 .
1201 379 1216 384 ..
1229 287 1318 385 xiv..
1336 381 1377 386 „-

576 497 623 564 ita
647 519 727 563 erae
751 519 848 564 meae
871 499 975 565 hodie
999 499 1156 587 contigit:
1181 523 1258 566 nam
1282 501 1340 567 ubi
1364 502 1496 586 partuis
1519 503 1605 568 deos
1628 502 1693 568 sibi
1716 503 1865 583 invocat,

576 623 740 708 strepitus
764 625 915 709 crepitus
937 625 1068 691 sonitus
1092 625 1250 694 tonitrus:
1274 627 1390 694 subito
1414 645 1451 694 ut
1475 650 1636 714 propere,
1662 643 1698 694 ut
1722 628 1838 696 valide
1860 631 1980 696 tonuit.

577 748 635 813 ubi
659 749 806 834 quisque
829 749 1006 830 institerat,
1032 752 1177 818 concidit
1201 753 1350 838 crepitu:
1374 754 1421 818 ibi
1446 754 1658 836 nescioquis
1682 777 1846 820 maxuma

577 895 666 940 voce
689 875 875 941 exclamat:
899 874 1110 957 ‘Alcumena
1134 880 1234 946 adest
1258 879 1434 958 auxilium,
1459 901 1501 944 ne
1525 879 1619 958 time:

577 1017 611 1066 et
635 1001 696 1066 tibi
719 1017 753 1068 et
777 1003 843 1068 tuis
867 1004 1040 1088 propitius
1064 1004 1149 1072 caeli
1174 1003 1284 1071 cultor
1307 1003 1457 1071 advenit’
1477 1054 1485 1069 .
1504 1053 1537 1070 ..

577 1143 682 1212 atque
704 1126 795 1192 illam
820 1129 977 1215 geminos
1001 1130 1089 1196 filios
1114 1151 1242 1215 pueros
1267 1131 1445 1216 peperisse
1468 1131 1667 1215 conspicor:

576 1275 688 1338 neque
705 1271 857 1320 nostrum
874 1256 1055 1340 quisquam
1072 1255 1247 1334 sensimus,
1265 1276 1370 1340 quom
1386 1256 1532 1340 peperit,
1554 1277 1615 1320 uec
1631 1255 1846 1340 providimus
1863 1252 2126 1341 (rodo-1071).

576 1396 761 1465 postquam
786 1382 956 1466 parturire
979 1381 1083 1447 hodie
1107 1403 1198 1447 uxor
1221 1381 1356 1466 occepit
1381 1397 1450 1454 tua,

577 1505 636 1570 ubi
659 1521 760 1570 utero
785 1506 899 1572 exorti
922 1506 1074 1586 doloreS,
1099 1523 1137 1572 ut
1159 1505 1273 1572 solent
1295 1526 1505 1592 puerperae:

576 1631 715 1698 invocat
739 1633 825 1697 deos
849 1632 1069 1711 immortales,
1094 1649 1130 1698 ut
1154 1631 1220 1698 sibi
1243 1632 1408 1698 auxilium
1432 1634 1552 1711 serant,

579 1758 735 1824 manibus
759 1759 864 1843 puris,
890 1760 1004 1845 capite
1027 1776 1162 1845 operto.
1209 1759 1259 1824 lbi
1281 1759 1445 1824 continuo
1467 1774 1629 1824 contonat

576 1885 690 1950 sonitu
715 1906 889 1952 maxumo.
936 1886 1056 1952 Aedes
1080 1887 1191 1972 primo
1215 1907 1314 1950 ruere
1338 1884 1498 1949 rebamur
1521 1899 1608 1949 tuas

578 2011 683 2076 aedes
707 2026 801 2076 totae
826 2011 1069 2100 confulgebant
1094 2029 1183 2091 tuae,
1208 2011 1305 2097 quasi
1329 2026 1443 2076 essent
1467 2005 1624 2094 aureae¹)
1640 2059 1648 2076 .
1666 2057 1699 2074 ..

578 2155 689 2218 neque
713 2153 905 2222 gementem
928 2159 1040 2222 neque
1063 2137 1256 2222 plorantem
1279 2153 1433 2203 nostrum
1458 2137 1639 2222 quisquam
1663 2136 1870 2202 audivimus:

577 2261 625 2326 ita
648 2262 809 2345 profecto
832 2263 904 2328 sine
927 2262 1050 2328 dolore
1073 2263 1288 2348 peperit...

578 2385 659 2450 AM.
684 2386 795 2458 nimia.
806 2387 890 2452 mira
913 2409 1095 2453 memoras:
1119 2389 1147 2454 si
1171 2389 1277 2454 istaec
1299 2411 1383 2457 vera
1406 2405 1493 2468 sunt,
1518 2388 1678 2454 divinitus

579 2533 645 2577 non
668 2529 785 2578 metuo
810 2533 906 2578 meae
930 2513 1010 2598 quin
1034 2514 1134 2580 uxori
1157 2514 1249 2580 latae
1272 2515 1455 2601 suppetiae
1477 2515 1565 2580 sient
1588 2511 1848 2600 (1091-1106).
1872 2549 1916 2559 —

417 2638 493 2725 Jam
522 2637 638 2721 hymni
666 2638 698 2704 in
726 2639 931 2705 Mercurium
958 2637 1152 2705 ‘Homerici'
1175 2663 1314 2708 versum
1343 2662 1380 2706 12
1409 2640 1499 2706 omni
1528 2639 1799 2706 coniecturarum
1822 2659 1951 2724 genere
1976 2657 2130 2722 pessum·

418 2763 536 2827 datum
560 2765 697 2830 tandem
720 2765 765 2830 ab
790 2766 954 2837 effrenata
978 2765 1173 2833 criticorum
1196 2767 1340 2832 audacia
1364 2761 1657 2852 vindicabimus2).
1696 2765 1821 2830 Maiam
1845 2763 1949 2850 igitur
1972 2761 2004 2826 in
2028 2776 2129 2826 antro

419 2888 587 2974 Cyllenae
611 2891 735 2958 montis
758 2893 919 2980 Juppiter
942 2909 1205 2978 compresserat.

718 3039 765 3084 ro.
789 3015 861 3086 ἀλλ’
883 3021 934 3085 ὅτε
957 3021 995 3104 δή
1019 3019 1169 3106 μεγάλοιο
1191 3019 1263 3099 Διὸς
1286 3021 1354 3099 νόος
1378 3019 1547 3100 ἐξετελεῖτο

792 3144 844 3234 (τῇ
867 3144 895 3214 δ’
916 3149 977 3234 ήδη
1001 3147 1130 3226 δέκατος
1154 3147 1219 3234 μεὶς
1242 3148 1363 3236 οὐρανῷ
1387 3143 1573 3234 ἐστήρικτο),

794 3276 825 3353 ές
848 3295 882 3340 τε
905 3274 990 3360 φόως
1013 3277 1141 3360 ἄγαγεν,
1165 3273 1304 3361 ἀρίσημά
1325 3295 1360 3338 τε
1383 3274 1459 3358 ἔργα
1480 3271 1622 3336 τέτυκτο.

719 3403 846 3485 :patui
869 3397 933 3467 τότ’
954 3398 1094 3487 ἐγείνατο
1116 3401 1212 3466 παῖδα
1234 3399 1431 3485 πολύτροπον
1454 3397 1667 3484 αἱμυλομήτην
1691 3444 1699 3460 .
1724 3444 1732 3460 .
1758 3443 1765 3459 .

717 3545 769 3591 ao.
793 3528 826 3606 ὃς
849 3529 902 3592 καί
926 3527 1032 3611 ἐπειδὴ
1056 3525 1170 3612 μητρὸς
1193 3527 1239 3592 ἀπ
1261 3521 1440 3592 ’ἀθανάτων
1463 3525 1542 3609 θόρε
1565 3522 1660 3609 γυίων

794 3653 898 3719 οὐκέτι
922 3654 1016 3739 δηρὸν
1038 3653 1139 3718 ἔκειτο
1163 3651 1263 3738 μένων
1287 3651 1359 3737 ἱερῷ
1382 3650 1426 3716 tu
1449 3647 1555 3734 λίκνῳ.

420 3777 513 3858 Quid
525 3779 557 3855 ές
568 3801 603 3844 τε
615 3780 698 3864 φόως
711 3783 828 3866 ἄγαγεν
840 3776 1024 3863 ‘protraxit
1036 3778 1068 3842 in
1080 3775 1202 3844 lucem'
1211 3777 1276 3841 sibi
1286 3775 1401 3853 vellet,
1416 3795 1457 3838 ne
1470 3796 1516 3838 ex
1528 3773 1642 3838 Iliadis
1655 3771 1792 3857 quidem
1803 3771 1835 3836 T
1851 3793 1862 3835 1
1874 3791 1911 3855 ¹5
1922 3791 1998 3854 sqq.
2013 3767 2131 3854 (quern

419 3903 533 3968 locum
546 3903 833 3991 hymnographus
845 3904 995 3970 imitatus
1008 3925 1084 3970 esse
1100 3901 1250 3988 videtur)
1263 3901 1395 3967 discere
1411 3900 1616 3982 interpretes
1632 3897 1824 3964 voluerunt.
1860 3896 1928 3963 Ubi
1941 3897 1985 3961 de
1996 3898 2132 3985 Junone

420 4030 506 4094 haec
530 4027 705 4116 leguntur:
797 4032 1000 4118 καρπαλίμως
1024 4027 1051 4096 δ’
1072 4026 1150 4097 ἵκετ’
1171 4027 1289 4116 Ἀργος
1311 4023 1483 4114 Ἀχαιϊκόν,
1507 4019 1576 4090 ἔνθ’
1599 4027 1660 4111 ἄρα
1681 4025 1749 4110 ήδει

795 4157 927 4243 ἰφθίμην
950 4157 1067 4243 ἄλοχον
1089 4155 1250 4222 Σθενέλου
1273 4153 1471 4240 Περοητάδαο

795 4279 828 4369 (ti
852 4282 887 4348 δέ
910 4283 977 4349 κύει
1000 4283 1089 4368 φίλον
1112 4281 1188 4363 υἱόν,
1212 4280 1229 4344 ὁ
1252 4274 1280 4344 δ’
1302 4281 1432 4366 ἕβδομος
1454 4279 1579 4363 ἑστήκει
1603 4273 1691 4362 μείς),

793 4410 832 4475 έκ
854 4405 981 4494 δ’ἄγαγε
1004 4411 1064 4494 πρὸ
1087 4407 1212 4493 φόωσδε
1220 4400 1246 4490 ⁸)
1269 4409 1322 4471 καὶ
1344 4406 1529 4491 ήλττὸμηνον
1553 4403 1654 4484 ἐόντα,

794 4533 973 4622 Ἀλκμήνης
996 4532 1023 4599 δ’
1046 4534 1208 4600 ἀπέπαυσε
1230 4533 1335 4616 τόκον,
1360 4527 1461 4618 σχέθε
1485 4525 1701 4606 δἘἰλειθυίας.

506 4629 514 4635 ⁸
544 4629 557 4636 ς
571 4627 740 4728 Ι,1.),Ιλικίυυίι
758 4661 811 4710 hoc
829 4659 989 4710 Theocritus
1009 4659 1034 4707 in
1053 4657 1210 4708 Heracllsco
1231 4672 1261 4706 21
1284 4673 1338 4720 sq:

741 4752 788 4802 καὶ
807 4750 862 4800 τότ’
880 4749 922 4814 ἄρ’
940 4749 1085 4813 ἐξέγροντο,
1104 4748 1161 4810 Διὸς
1179 4748 1301 4808 νοέοντος
1320 4747 1432 4808 ἅπαντα,

742 4840 891 4906 Ἀλκμήνας
909 4839 975 4902 φίλα
993 4839 1080 4900 τέκνα,
1099 4839 1167 4901 φάος
1186 4838 1261 4888 θ’άνὰ
1280 4833 1355 4888 οῐκον
1374 4833 1474 4900 ἐπήχθη
1494 4869 1500 4883 .
1519 4868 1527 4883 .
1547 4867 1554 4882 .

1236 4928 1261 4976 oi
1280 4927 1309 4976 tt
1328 4941 1357 4976 τι
1375 4929 1462 4989 τοῖχοι

734 5022 829 5082 πάντες
848 5019 1003 5084 ἀριφραδέα
1021 5016 1144 5082 καθαρᾶς
1164 5017 1230 5080 ἀπο
1248 5015 1403 5082 tursum·

579 5108 601 5178 ²)
620 5111 793 5160 Enumeravit
811 5109 930 5175 priorum
950 5107 1092 5171 opiniones
1112 5104 1260 5156 Gemollius
1280 5105 1305 5154 in
1325 5103 1444 5154 editione
1464 5102 1628 5166 Hymnorum
1652 5117 1678 5166 p.
1707 5114 1754 5163 195
1779 5116 1820 5164 sq.
1844 5097 1955 5162 tulltque
1977 5097 2133 5146 sententiam

422 5201 540 5256 omnium
558 5201 674 5252 sortasse
693 5200 932 5266 perversissimam.

582 5287 604 5367 Β)
623 5291 691 5341 Ηίπο
710 5290 841 5341 obstetrix
860 5290 1002 5356 dvuylrptu
1018 5287 1186 5354 (ἀναγέατρια
1197 5283 1267 5335 maie
1279 5283 1429 5348 Elmsleyus
1442 5282 1504 5334 Eur.
1518 5280 1588 5331 Med.
1602 5295 1629 5330 ν.
1646 5277 1705 5342 156)
1720 5277 1762 5330 vel
1782 5277 1892 5346 ἀγέτρια
1910 5274 1981 5328 dicta
1999 5291 2015 5325 a
2034 5277 2132 5326 Taren·
