4780 6044
1040 352 1252 450 „Q

290 567 347 654 (=
372 567 529 634 Eustath.
559 588 592 652 p.
623 565 738 651 461,2)
771 582 1021 650 exposuerunt:
1052 567 1234 654 πολυδίψιον
1265 570 1300 634 δὲ
1329 567 1365 633 τὸ
1388 563 1504 653 Ἀργος
1532 565 1625 630 καλεῖ
1647 561 1847 648 (Homerus)
1872 612 1880 628 .
1906 611 1912 626 .
1937 565 1999 629 ἀπὸ

288 705 352 762 τῶν
375 693 544 777 Δαναΐδων,
569 697 601 760 αἳ
623 691 870 780 παραγενόμεναι
899 695 933 775 ἐξ
955 693 1115 781 Αἰγύπτου
1137 693 1332 781 φρεωρυχίαν
1355 692 1506 775 ἐδίδαξαν,
1531 691 1573 772 ὡς
1598 689 1752 770 Ἡσίοδος·

717 817 834 907 Ἀργος
857 821 988 906 ἄνυδρον
1010 821 1062 888 ἐὸν
1085 820 1206 899 Δαναὸς
1228 818 1356 905 ποίησεν
1379 819 1514 904 ἔνυδρον.

290 944 391 1026 Quae
421 966 499 1010 cum
521 944 568 1010 ita
591 944 668 1025 sint,
693 960 808 1011 certae
838 945 1015 1012 cuiusdam
1045 945 1309 1011 ‘Hesiodeorum
1337 939 1599 1030 Catalogorum’
1626 942 1734 1026 partis
1761 955 1999 1028 argumentum

289 1069 431 1138 feliciter
454 1069 724 1158 redintegratum
747 1091 824 1136 esse
849 1069 1094 1136 contendimus.

448 1195 621 1280 Deinceps
644 1197 830 1262 videndum
854 1211 916 1276 est,
940 1210 1110 1280 quatenus
1134 1219 1211 1263 cum
1234 1196 1460 1282 Supplicibus
1481 1193 1690 1279 Aeschyleis
1714 1193 1801 1259 haec
1823 1191 1999 1258 Hesiodea

289 1322 476 1402 concinant,
501 1338 671 1407 quatenus
694 1323 902 1390 dissentiant.
949 1325 1047 1390 Haec
1069 1325 1174 1412 igitur
1198 1345 1274 1390 cum
1298 1323 1455 1390 Hesiodo
1478 1320 1695 1406 Aeschylus:

394 1449 515 1536 Jonem
537 1449 754 1516 sacerdotem
778 1469 1012 1533 compressam
1032 1471 1053 1514 a
1071 1451 1162 1538 Jove
1177 1466 1213 1516 et
1232 1450 1265 1516 in
1288 1471 1431 1516 vaccam
1447 1469 1649 1515 conversam
1663 1448 1751 1536 Juno
1770 1444 1878 1532 Argis
1893 1444 1997 1531 Argo

396 1573 531 1640 custodi
563 1574 746 1642 commisit:
780 1597 850 1660 quo
881 1597 945 1661 per
975 1577 1180 1642 Mercurium
1211 1577 1327 1642 occiso
1358 1591 1477 1642 oestro
1504 1575 1648 1641 vexavit
1678 1589 1845 1640 terrarum
1877 1571 1998 1637 orbem

394 1697 685 1787 pervagantem.¹)
723 1701 881 1766 Tandem
895 1702 927 1766 in
945 1701 1118 1790 Aegypto
1134 1719 1294 1768 contactu
1311 1701 1409 1790 Jovis
1432 1701 1465 1766 in
1489 1701 1664 1786 pristinam
1689 1702 1834 1766 sormam
1857 1697 1999 1763 redacta

395 1826 581 1912 Epaphum
612 1826 721 1914 Argis
751 1849 772 1892 a
803 1829 892 1915 Jove
922 1844 1127 1913 conceptum
1161 1829 1262 1894 enixa
1294 1844 1355 1894 est.
1409 1829 1455 1892 Et
1486 1827 1562 1910 ipsa
1595 1841 1630 1892 et
1663 1825 1831 1910 Epaphus
1863 1822 1998 1887 urbium

394 1949 577 2018 multarum
601 1952 758 2018 conditor
780 1953 867 2020 inter
895 1954 982 2020 deos
1012 1955 1166 2039 acceptis
1197 1954 1295 2020 novis
1318 1953 1416 2018 isidis
1446 1968 1479 2018 et
1503 1951 1630 2035 Apidis
1661 1950 1854 2015 nominibus
1885 1946 1998 2012 conlo·

394 2092 521 2143 cantur.
568 2078 626 2144 Ex
649 2077 800 2162 Epapho
830 2095 957 2164 quarto
988 2101 1117 2166 genere
1147 2081 1359 2148 descendunt
1382 2081 1523 2145 Danaus
1553 2093 1589 2143 et
1617 2075 1819 2164 Aegyptus,
1851 2094 1998 2159 quorum

394 2202 452 2268 ille
485 2202 518 2268 in
553 2201 667 2289 Libya
703 2225 723 2268 a
759 2221 860 2288 patre
894 2226 959 2270 rex
995 2206 1201 2274 constitutus
1236 2229 1256 2271 a
1291 2208 1398 2271 fratre
1430 2204 1603 2272 invaditur
1634 2223 1778 2288 regnum
1813 2201 1997 2265 fraternum

394 2329 589 2395 adfectante
620 2345 655 2396 et
683 2329 761 2398 filiis
798 2331 869 2398 suis
901 2332 1149 2420 quinquaginta
1181 2333 1325 2398 totidem
1348 2331 1459 2396 Danai
1486 2329 1573 2396 filias
1602 2341 1778 2412 poscente.
1824 2325 1998 2390 Minervae

395 2475 465 2538 ope
480 2454 668 2540 profugum
685 2469 719 2520 et
735 2454 844 2542 Argis
859 2479 881 2521 a
896 2457 1122 2544 Pelasgorum
1144 2481 1229 2544 rege
1244 2477 1413 2544 generose
1436 2471 1621 2542 exceptum
1646 2452 1818 2537 persecuti
1841 2452 1998 2516 Danaum

395 2579 576 2667 Aegyptii,
602 2597 796 2666 cumpater
820 2583 914 2648 domi
941 2584 1167 2665 remansisset,
1185 2586 1323 2650 tandem
1347 2583 1517 2667 accipiunt
1537 2602 1635 2648 suam
1659 2579 1807 2664 quisque
1835 2576 1996 2662 puellam,

394 2722 430 2772 at
453 2723 555 2774 noctu
580 2721 719 2791 praeter
742 2707 922 2811 lynceum
945 2710 992 2774 ad
1015 2731 1117 2776 unum
1141 2733 1260 2778 omnes
1283 2711 1535 2777 interficiuntur.

446 2832 532 2900 Sunt
549 2835 651 2900 etiam
667 2857 758 2920 quae
774 2835 978 2919 discrepent.
1015 2837 1162 2903 Dixerat
1182 2832 1377 2904 ‘Hesiodus’
1392 2838 1514 2925 Jovem
1539 2837 1584 2900 ab
1609 2856 1720 2900 uxore
1744 2831 1996 2917 deprehensum

286 2957 404 3043 puella
427 2959 459 3024 in
482 2960 609 3027 bovem
633 2977 843 3027 commutata
866 2981 904 3026 se
927 2983 994 3027 non
1017 2963 1140 3028 coiisse
1164 2987 1240 3030 cum
1265 2965 1330 3032 hac
1353 2985 1461 3030 vacca
1485 2963 1671 3047 peierasse.
1717 2961 1818 3041 Quae
1842 2981 1897 3024 res
1920 2981 1997 3024 cum

286 3085 435 3151 divinam
459 3087 671 3174 dignitatem,
696 3087 833 3173 qualem
857 3089 971 3156 animo
986 3089 1188 3172 impressam
1212 3089 1411 3174 Aeschylus
1434 3089 1675 3166 venerabatur,
1699 3101 1926 3173 perverteret,
1950 3084 1998 3148 ita

287 3211 443 3292 variavit,
468 3229 506 3278 ut
533 3216 827 3280 transiormandae
851 3215 912 3302 Jus
944 3215 1120 3302 negotium
1145 3215 1265 3304 Junoni
1298 3211 1496 3301 tribueret²)
1528 3215 1701 3300 missaque
1731 3212 1822 3278 omni
1853 3211 1997 3296 perfidia

287 3337 344 3402 vel
378 3353 526 3404 utentem
557 3339 705 3424 amplius
736 3340 852 3424 puella
882 3342 1005 3429 Jovem
1036 3342 1175 3407 iaceret.
1228 3341 1459 3408 Praetermisit
1490 3341 1597 3406 multa
1627 3363 1674 3406 ex
1705 3339 1815 3404 Danai
1845 3337 1996 3412 historia.

287 3463 388 3544 Quae
412 3465 552 3550 recepit,
578 3487 618 3529 ea
643 3487 719 3530 cum
745 3465 899 3532 ‘Hesiodi
923 3461 1114 3554 Catalogis’
1137 3489 1157 3532 a
1181 3467 1279 3534 nobis
1303 3467 1501 3533 restauratis
1525 3465 1637 3532 omnia
1661 3465 1881 3530 concordant.
1911 3461 1997 3526 Hinc

287 3606 450 3674 quantum
474 3606 508 3654 et
532 3591 691 3678 Juppiter
715 3605 749 3655 et
773 3593 816 3679 Jo
839 3592 967 3656 distant
995 3608 1119 3675 postea
1149 3594 1194 3659 ab
1223 3595 1345 3658 eodem
1375 3610 1482 3677 poeta
1509 3593 1541 3657 in
1565 3590 1771 3656 Prometheo
1808 3587 1996 3654 retractatil

287 3713 505 3798 Quamquam
531 3714 587 3780 vel
611 3716 641 3780 in
665 3716 872 3782 Prometheo
885 3739 1020 3783 errores
1043 3719 1104 3806 Jus
1128 3741 1288 3784 enarrans
1312 3720 1455 3785 eundem
1481 3714 1692 3783 ‘Hesiodum’
1714 3731 1853 3781 secutus
1876 3730 1939 3792 est,
1960 3728 1996 3780 ut

288 3860 334 3902 ex
357 3840 696 3926 mythographorum
720 3864 885 3908 consensu
910 3845 955 3910 ad
985 3842 1196 3911 ‘Hesiodum'
1218 3825 1398 3911 referendo
1426 3860 1583 3930 apparet.
1637 3843 1738 3924 Quae
1765 3839 1878 3906 omnia
1911 3860 1996 3904 nunc

287 3965 559 4048 praeteribimus.
606 3967 665 4032 Ad
689 3967 782 4034 aliud
807 3986 843 4034 ut
866 3971 1054 4048 veniamus,
1084 3971 1204 4059 Jonem
1234 3987 1268 4036 et
1293 3970 1428 4057 Argum
1458 3969 1692 4035 custodem·in
1717 3967 1872 4032 ‘Hesiodi
1895 3965 1996 4032 Cata·

286 4087 389 4176 logis’
403 4087 601 4179 Mycenisl),
626 4093 733 4181 Argis
749 4095 844 4180 apud
860 4095 1075 4180 Aeschylum
1093 4097 1222 4162 versari
1244 4117 1320 4161 cum
1345 4096 1465 4180 paullo
1489 4112 1569 4180 post
1593 4115 1744 4182 pugnam
1761 4093 1995 4160 Plataeensem

446 4231 466 4300 ¹)
486 4235 636 4300 Aeschylus
658 4237 766 4302 Epirum
790 4239 937 4304 (Molossos
961 4249 988 4290 et
1012 4239 1175 4304 Dodonaeo),
1199 4255 1272 4290 mare
1294 4240 1414 4306 Jonlum,
1437 4239 1563 4303 Scythas,
1598 4239 1757 4290 Cimmerios
1796 4245 1995 4296 commemorat,

286 4323 401 4386 illyriam
421 4325 549 4374 Haemum
577 4325 728 4391 Bosporum
747 4328 897 4391 Thracium,
917 4344 987 4394 quae
1005 4329 1190 4394 Apollodorus
1218 4329 1306 4394 habet,
1335 4347 1388 4380 non
1406 4331 1477 4381 item.
1506 4331 1581 4380 Haec
1599 4331 1667 4380 inter
1685 4343 1716 4378 se
1734 4327 1814 4378 facile
1833 4327 1995 4388 coniungun-

286 4423 333 4464 tur.
356 4443 388 4452 -
407 4413 604 4480 Hyperboreos
628 4417 794 4468 Herodotum
813 4433 848 4468 ex
867 4419 920 4469 hoc
941 4419 987 4484 jus
1010 4419 1105 4470 itinere
1128 4419 1163 4482 ab
1183 4421 1306 4471 Hesiodo
1325 4422 1453 4486 exposito
1471 4421 1507 4470 lV
1526 4435 1559 4483 32
1579 4419 1676 4470 afferre
1695 4416 1877 4468 Kirchboifius
1895 4431 1923 4480 p.
1943 4430 1995 4478 3²9

287 4504 428 4554 verissime
445 4506 559 4566 monuit,
577 4505 646 4556 maie
670 4508 778 4570 negavit
798 4509 907 4560 Crusius
924 4509 1059 4574 (Roscher
1080 4509 1142 4561 ΜΨ
1161 4511 1250 4574 ο817).
1289 4510 1332 4560 De
1348 4508 1489 4573 ‘Aegimio'
1518 4508 1657 4558 Hesiodeo
1677 4507 1747 4558 idem
1766 4519 1877 4570 prorsus
1896 4503 1996 4554 erravit

285 4591 423 4644 Weickeri
442 4595 623 4658 suspicionem
642 4595 773 4660 quandam
793 4612 936 4663 perperam
955 4598 1095 4663 amplexus
1115 4599 1250 4665 (Aeschyl.
1271 4599 1395 4662 Triiogle
1414 4615 1441 4664 p.
1464 4598 1532 4664 ¹³7)-

444 4679 466 4747 ²)
487 4684 571 4733 Recte
590 4685 626 4734 ita
650 4685 702 4736 iam
719 4685 824 4736 scholia
842 4689 877 4738 ad
903 4704 929 4738 v.
949 4701 1000 4752 297
1020 4688 1068 4739 K:
1091 4689 1139 4754 ripe
1157 4691 1260 4756 οιὰτὴν
1287 4689 1397 4754 (Ἦραν)
1419 4689 1561 4755 γονομίνην
1583 4689 1632 4740 ὑπὸ
1651 4688 1708 4750 Διὸς
1733 4686 1930 4751 tumim*
1949 4687 1995 4749 τῆς

285 4771 353 4833 Ἰοῦς
371 4777 404 4838 τῇ
421 4772 475 4837 iad
492 4775 634 4840 προσῆψεν.
672 4774 760 4826 Habet
779 4777 831 4826 boc
849 4777 1027 4842 Aeschyieum
1047 4779 1203 4844 Propertius
1223 4781 1255 4830 lll
1276 4796 1291 4843 4
1311 4795 1371 4844 sqq.
1394 4807 1426 4816 -
1445 4778 1581 4844 Explicari
1601 4767 1636 4828 ex
1659 4777 1709 4826 hac
1727 4775 1884 4840 Suppllcum
1905 4772 1996 4824 sabula

286 4861 390 4926 pictura
409 4863 539 4927 quaedam
559 4865 706 4916 vascularls
726 4865 840 4930 videtur,
859 4883 928 4932 quae
940 4869 1042 4933 Argum
1061 4879 1244 4936 repraesentat
1263 4884 1279 4918 a
1298 4868 1433 4919 Mercurio
1452 4869 1570 4918 occisum
1589 4875 1732 4932 praesente
1750 4874 1778 4916 et
1789 4865 1861 4931 Jove
1880 4873 1906 4914 et
1919 4875 1995 4914 tauro

286 4950 399 5002 absente
417 4952 493 5018 Jone.
530 4953 598 5004 Nam
617 4965 706 5006 errant
723 4955 849 5008 Schoene
873 4958 969 5008 Annali
992 4961 1057 5022 18⁶5
1077 4975 1104 5024 p.
1128 4971 1176 5022 147
1201 4969 1227 5008 et
1246 4957 1411 5022 Eogelmann
1435 4957 1469 5008 de
1486 4957 1555 5023 June
1579 4973 1605 5022 p.
1629 4961 1660 5006 18
1686 4966 1713 5005 et
1732 4953 1879 5006 Overbeclr
1900 4955 1995 5004 Kunst·

286 5037 414 5105 mythol.¹
437 5043 460 5092 11
482 5059 510 5108 p.
535 5047 586 5108 478
614 5055 715 5096 taurum
734 5061 785 5110 pro
809 5061 894 5097 vacca
921 5048 1041 5112 pinxisse
1064 5049 1193 5099 artificem
1216 5049 1405 5098 existlmantes.
1442 5049 1547 5098 Taurus
1566 5047 1600 5097 ad
1623 5046 1701 5112 Jovis
1717 5045 1801 5111 ipsius
1824 5045 1995 5096 mutationem

285 5141 390 5196 spectat
408 5131 445 5184 ab
462 5133 600 5198 Aeschylo
620 5151 645 5186 v.
667 5135 720 5188 28⁶
737 5136 919 5199 significatam.

445 5217 468 5288 Ι)
486 5223 530 5274 Ad
548 5224 711 5279 neroum
730 5223 847 5279 fabulam
864 5237 970 5293 spectat
987 5225 1140 5292 Stephanus
1157 5241 1179 5280 s.
1200 5243 1224 5278 v.
1245 5227 1365 5294 Μυκῆναι
1445 5227 1463 5294 ἡ
1482 5227 1535 5280 ἀπὸ
1553 5229 1600 5280 τοῦ
1618 5227 1787 5295 postomia
1805 5228 1852 5294 chr
1870 5225 1914 5280 ’lh
1936 5225 1996 5290 βοῦν

285 5312 344 5365 ⁸2⁸1
359 5313 510 5382 nuntro-
